2304 4080
61 176 65 183 ‘
136 158 177 263 aa
360 184 413 264 roz
434 199 501 264 sn.
519 172 919 268 anouovnuorrn
1019 296 1027 308 .

138 367 280 436 expressis
303 366 393 421 labris
415 383 533 437 spuere,
558 368 624 423 dum
647 365 732 439 sop‘or
751 371 808 424 vini
825 371 972 441 probatur.
1010 371 1085 439 Quod

136 435 277 505 hodieque
295 435 389 511 facore
404 437 513 511 solent,
531 439 579 509 qui
593 440 689 491 vinnm
702 440 831 508 probant.
866 442 918 492 Est
931 456 948 492 a
963 438 1086 507 Graecis,
1118 469 1123 523 Ι

138 505 239 573 quibus
257 503 328 556 οἶνον
342 505 457 571 aoaa'lsur
475 511 518 559 est
533 505 627 559 cinam
645 525 691 560 ore
709 507 833 561 reiicerc.
860 509 935 561 Hinc
953 511 1033 576 apud
1051 511 1086 563 lr-

127 571 265 633 .veualcm
274 591 294 643 p
317 574 409 639 tiana,
427 590 478 642 pro
496 572 547 631 illo
565 576 762 643 nempomina,
783 575 911 645 quodcx
929 592 980 629 ore
1001 578 1087 643 reiici-

136 646 200 705 tur,
217 638 276 695 Sat.
288 592 341 715 dl.
356 660 397 695 rs.
413 643 470 694 173.

131 760 139 771 .,
165 762 184 773 ,,
242 708 299 774 Qut
315 708 561 763 Lacedaemonium
573 711 722 781 pytbmate
740 709 861 764 lubricat
878 709 977 763 arbem.
1121 764 1123 773 .

136 760 202 829 ile:
218 775 302 832 homo
324 778 418 842 dives,
444 779 568 847 quinon
586 779 633 831 vul
652 780 732 832 arem
750 781 863 843 orbem,
890 780 941 832 sed
963 795 1003 832 ex
1020 796 1089 835 mar·
1122 788 1123 793 ’

136 846 367 917 more'Laconico
378 843 628 909 luctum'rciiuien'
642 849 724 901 oisto
733 849 808 913 vino,
835 863 900 899 uum
910 849 1088 915 pytissassot,

136 913 276 966 lubricum
293 913 372 967 fucit.
407 913 654 973 Lacedaemoniam
670 916 758 967 ardeat
776 864 903 984 suidiger
919 917 1088 983 interpreta-

137 987 184 1033 tur
207 983 398 1050 pavimeirtnm
420 998 625 1048 marmoreum,
653 984 769 1035 orbibus
792 983 838 1034 vel
852 985 966 1035 'ornatis
990 984 1089 1055 figuris

138 1050 314 1116 distinctum3
334 1051 488 1104 Salmasius
504 1067 630 1105 mensam
646 1053 796 1104 rotundam
814 1066 849 1103 ex
863 1051 1088 1107 Lacedaemonio

136 1133 286 1193 marmore¹
296 1119 409 1191 iactam.

190 1218 252 1273 .Vs.
271 1221 314 1281 51.
349 1202 502 1267 Relinere
524 1203 610 1268 dolia
633 1227 675 1273 est
698 1236 766 1273 rasa
788 1219 898 1273 vinaria
920 1221 1036 1290 aperire
1057 1222 1090 1275 ad

131 1287 233 1357 v,vin'um
249 1287 316 1343 indo
334 1286 528 1341 hauriendum.
540 1279 551 1303 ⁸
564 1290 682 1342 Veteres
705 1289 835 1359 solebant
856 1287 933 1341 dolia
957 1291 1090 1361 oppicato

136 1355 244 1408 cortice
268 1356 433 1426 operculare
455 1358 516 1409 sive
539 1356 681 1409 claudere.
724 1357 798 1409 Cato
820 1357 854 1408 de
875 1372 907 1409 re
933 1362 1006 1410 rusb
1031 1375 1090 1427 cap.

106 1444 108 1451 ·
133 1424 198 1493 izo.
236 1422 358 1478 Martum
381 1425 406 1479 si
427 1427 501 1478 cales
514 1420 604 1477 'totam
626 1439 726 1477 annam
741 1425 858 1490 ‚dabam
883 1424 913 1477 ia
932 1425 1092 1492 ampliorata

137 1500 255 1549 murtam
271 1493 359 1547 indito
378 1501 406 1546 et
418 1493 548 1555 corticem
561 1493 695 1563 oppicato.
733 1494 837 1546 Contra
849 1509 913 1546 cum
926 1494 1035 1546 vellent
1048 1510 1091 1547 ea-

137 1561 203 1613 dem
227 1564 355 1633 currerim,¹
379 1562 471 1631 picem
494 1560 572 1613 illam
596 1562 714 1616 oblitam
734 1561 883 1615 tollebant.
918 1562 998 1614 Unde
1020 1561 1092 1632 apud

135 1628 241 1684 Horat.
259 1631 307 1682 lib.
321 1630 371 1681 ΠΙ.
389 1628 434 1681 od.
448 1633 473 1682 8.
491 1647 531 1681 vs.
547 1632 587 1681 lo.
600 1646 660 1698 sqq.

84 1696 121 1751 9¹1
168 1752 171 1757 .
304 1696 440 1750 Corticata
459 1697 619 1750 adstrictam
655 1696 696 1750 iae
714 1696 858 1752 dimovebit

251 1781 254 1785 ’
302 1765 455 1834 Ampdmae
467 1766 581 1836 famam
598 1765 627 1818 di
642 1782 686 1818 ere
703 1763 846 1819 institutae

373 1833 489 1886 Consule
510 1833 603 1887 Tullo.

137 1898 221 1952 Prius
245 1899 377 1954 dicebant
399 1901 521 1954 oblinere
545 1903 630 1954 dolia.
669 1902 715 1956 Sic
736 1902 805 1954 Cato
828 1916 888 1968 cap.
902 1901 962 1954 114.
1000 1901 1091 1955 stairo

137 1967 374 2036 diesaoiadacim
400 1978 513 2038 aperta,
539 1978 685 2039 antequam
707 1969 820 2022 attium.
855 1968 933 2020 idem
957 1974 1091 2036 oap.lll.

142 2035 232 2089 stairo
254 2036 364 2089 biduom
388 2038 501 2091 oblitam
524 2039 634 2091 dolium.
670 2039 722 2090 nst
739 2039 829 2106 igitur
844 2036 963 2090 relinere
980 2045 1092 2091 contra·

61 2110 66 2115 '
137 2105 228 2168 rium,
244 2119 345 2177 nempe
358 2106 420 2174 pice
439 2105 542 2159 oblitas
559 2114 590 2159 et
607 2107 752 2158 obturatas
770 2107 915 2174 resignare
930 2112 959 2156 et
971 2108 1091 2173 aperire.

137 2172 290 2226 Possumus
308 2182 406 2227 nostro
424 2189 502 2228 more
520 2175 716 2243 interpretari,
735 2175 780 2227 bro
798 2180 842 2228 bot
859 2171 991 2243 obsistite.

208 2275 318 2333 Vs.‚52.
353 2257 485 2323 Habere
504 2259 643 2345 aliquem
664 2255 854 2335 sollicitum,
877 2274 1022 2342 negotium
1041 2274 1091 2327 ali·

140 2343 187 2395 cui
203 2341 313 2408 iacere,
338 2343 465 2396 laborem
488 2350 537 2396 aut
558 2358 619 2395 rcm
640 2341 811 2393 laboriosam
836 2341 921 2394 alicui
943 2341 1090 2411 iniungere

139 2417 171 2462 et
185 2410 340 2492 imponere.
376 2412 422 2467 Sio
438 2411 530 2465 Plani.
550 2408 724 2464 Menaechm.
742 2409 791 2463 IV.
808 2412 833 2461 2.
851 2411 891 2461 ll.
920 2409 954 2461 de
972 2407 1091 2462 homini·

138 2477 192 2531 bus
215 2479 309 2533 litium
336 2479 492 2533 forensium
515 2481 688 2532 amantibus:
715 2476 773 2542 Qui
794 2493 881 2545 aequa
907 2478 981 2544 leges
1003 2494 1091 2546 aequa

140 2562 258 2615 aequom
281 2548 377 2600 bonam
400 2564 515 2617 usqrram
533 2550 642 2612 colant,
675 2545 806 2598 sollicitas
831 2553 960 2613 patronas
984 2543 1091 2599 lrabeat.

140 2612 159 2665 i.
179 2631 203 2666 e.
230 2617 379 2670 causidicis
399 2616 518 2671 multum
543 2616 651 2684 negotii
674 2613 823 2671 facessunt.
856 2618 884 2663 et
901 2611 969 2662 ibid.
991 2629 1035 2665 vs.
1051 2618 1105 2669 211..

139 2681 225 2753 'dicut
240 2700 282 2737 ma
299 2683 377 2736 bodie
394 2685 475 2739 airais
491 2684 643 2737 sollicitam
660 2681 744 2736 aliens
762 2680 873 2751 quidam
889 2677 994 2731 babuit.

141 2804 145 2815 ·
207 2785 256 2839 Vs.
274 2788 316 2838 τι.
352 2769 540 2833 Patefacere
556 2769 728 2833 fenestram
749 2766 789 2827 ad
812 2766 1002 2848 nequitiam,
1022 2797 1091 2851 ape.

31 2852 35 2863 ¹
140 2852 296 2917 niceriam,
312 2853 380 2905 dare
393 2854 495 2918 locum,
505 2854 642 2921 praebere
654 2850 829 2904 occasionem
840 2849 969 2916 nequiter
981 2852 1092 2918 agendi.

141 2919 274 2973 Fenestra
290 2937 346 2972 non
359 2927 468 2973 tantum
485 2921 626 2990 significat
645 2917 806 2986 operculum
822 2917 958 2981 vitreum,
977 2933 1033 2984 quo
1051 2919 1092 2970 lu·

141 3002 206 3040 mon
223 2990 396 3052 admittitur,
415 2990 466 3041 sed
488 2996 517 3041 et
534 2991 624 3056 ipsum
643 2986 784 3048 foramen,
807 2986 854 3037 cui
871 2986 975 3036 vitrum
992 2986 1092 3039 inscri-

141 3062 190 3108 tur
207 3063 235 3108 ct
256 3059 336 3125 quasi
353 3056 495 3110 ostiolum.
530 3056 684 3115 Sicl'laut.
703 3055 773 3105 llud.
788 3054 808 3105 1.
829 3057 853 3105 l.
874 3068 957 3104 vorsu
976 3052 1091 3106 ultimo:

90 3119 125 3174 98
150 3124 250 3177 Vtatur
266 3142 354 3178 omncs
371 3125 413 3175 ita
432 3133 500 3177 tecto
520 3121 675 3176 deturbavit
691 3125 812 3190 tegulas,
829 3120 994 3174 illustriores
1004 3121 1092 3193 fecii,

131 3193 333 3271 fenestrasque
349 3192 457 3245 indidit.
480 3192 538 3246 ¹Sic
556 3192 634 3260 Virg.
652 3192 700 3243 lib.
712 3192 749 3242 ll.
767 3190 880 3245 Aeneid.
899 3205 939 3240 vs.
952 3190 1011 3241 4811.

100 3286 105 3317 r
351 3259 466 3341 lamque
484 3260 576 3314 excisa
593 3260 682 3323 made,
693 3260 783 3330 firma
799 3256 906 3310 aaaaait

245 3328 356 3380 Robora
372 3337 553 3396 clangentem
570 3331 626 3381 lato
644 3329 718 3380 dedit
738 3344 783 3378 ora
795 3327 957 3399 fenestram.

142 3394 250 3449 Statius
269 3395 318 3446 lib.
332 3382 367 3448 X.
388 3414 430 3449 rs.
443 3397 502 3450 53⁰.
522 3396 607 3467 [bib]
632 3396 807 3457 Thebaidos,
828 3393 945 3462 loquens
964 3391 999 3444 de
1018 3391 1094 3447 fora·

44 3513 47 3517 .
138 3463 265 3585 mmo
282 3465 363 3583 :nuri
379 3465 425 3518 vel
447 3468 637 3533 moeniorum,
660 3465 735 3519 unde
757 3461 861 3521 armati
883 3459 1011 3514 homines
1035 3463 1096 3516 tela

142 3544 169 3583 sn
245 3547 305 3585 an:
