<?xml version="1.0" encoding="UTF-8"?>
<!DOCTYPE html PUBLIC "-//W3C//DTD XHTML 1.0 Transitional//EN"
    "http://www.w3.org/TR/xhtml1/DTD/xhtml1-transitional.dtd">
<html xmlns="http://www.w3.org/1999/xhtml" xml:lang="en" lang="en">
 <head>
  <title>
</title>
<meta http-equiv="Content-Type" content="text/html;charset=utf-8" />
  <meta name='ocr-system' content='tesseract 3.04.00' />
  <meta name='ocr-capabilities' content='ocr_page ocr_carea ocr_par ocr_line ocrx_word'/>
</head>
<body>
  <div class='ocr_page' id='page_1' title='image "./ioannisfrederic00teregoog_0022.png"; bbox 0 0 2304 4080; ppageno 0'>
   <div class='ocr_carea' id='block_1_1' title="bbox 183 217 1019 295">
    <p class='ocr_par' dir='ltr' id='par_1_1' title="bbox 183 217 1019 295">
     <span class='ocr_line' id='line_1_1' title="bbox 183 217 1019 295; baseline -0.007 -10"><span class='ocrx_word' id='word_1_1' title='bbox 183 221 226 285; x_wconf 84' lang='grc' dir='ltr'><strong>ΙΝ</strong></span> <span class='ocrx_word' id='word_1_2' title='bbox 247 217 567 295; x_wconf 63' lang='lat' dir='ltr'><strong>TERENMNDR.</strong></span> <span class='ocrx_word' id='word_1_3' title='bbox 610 234 680 283; x_wconf 76' lang='lat' dir='ltr'><strong>rer.</strong></span> <span class='ocrx_word' id='word_1_4' title='bbox 700 217 755 281; x_wconf 86' lang='lat'><strong>111.</strong></span> <span class='ocrx_word' id='word_1_5' title='bbox 792 234 841 279; x_wconf 84' lang='lat' dir='ltr'><strong>·rc.</strong></span> <span class='ocrx_word' id='word_1_6' title='bbox 862 221 892 280; x_wconf 79' lang='lat'><strong>2.</strong></span> <span class='ocrx_word' id='word_1_7' title='bbox 981 220 1019 287; x_wconf 73' lang='grc'><strong>;2</strong></span> 
     </span>
    </p>
   </div>
   <div class='ocr_carea' id='block_1_2' title="bbox 197 390 719 454">
    <p class='ocr_par' dir='ltr' id='par_1_2' title="bbox 197 371 719 454">
     <span class='ocr_line' id='line_1_2' title="bbox 197 390 719 454; baseline -0.011 0"><span class='ocrx_word' id='word_1_8' title='bbox 197 416 220 453; x_wconf 92' lang='grc'><strong>·-.</strong></span> <span class='ocrx_word' id='word_1_9' title='bbox 248 446 263 454; x_wconf 89' lang='grc'><strong>,.</strong></span> <span class='ocrx_word' id='word_1_10' title='bbox 356 407 360 415; x_wconf 94' lang='grc'><em>·</em></span> <span class='ocrx_word' id='word_1_11' title='bbox 396 406 466 452; x_wconf 76' lang='lat' dir='ltr'><strong>ror.</strong></span> <span class='ocrx_word' id='word_1_12' title='bbox 489 390 542 453; x_wconf 87' lang='grc' dir='ltr'><strong>ΙΙΙ.</strong></span> <span class='ocrx_word' id='word_1_13' title='bbox 585 393 680 451; x_wconf 79' lang='lat' dir='ltr'><strong>ac.·2</strong></span> <span class='ocrx_word' id='word_1_14' title='bbox 715 406 719 413; x_wconf 92' lang='lat'>·</span> 
     </span>
    </p>
   </div>
   <div class='ocr_carea' id='block_1_3' title="bbox 53 504 1114 1006">
    <p class='ocr_par' dir='ltr' id='par_1_3' title="bbox 53 504 1114 1006">
     <span class='ocr_line' id='line_1_3' title="bbox 87 504 1020 587; baseline 0.004 -16"><span class='ocrx_word' id='word_1_15' title='bbox 87 566 89 571; x_wconf 89' lang='lat'><strong>.</strong></span> <span class='ocrx_word' id='word_1_16' title='bbox 128 521 178 578; x_wconf 79' lang='lat' dir='ltr'><strong>vt.</strong></span> <span class='ocrx_word' id='word_1_17' title='bbox 194 516 229 583; x_wconf 78' lang='grc'><strong>,4.</strong></span> <span class='ocrx_word' id='word_1_18' title='bbox 269 504 359 571; x_wconf 86' lang='lat' dir='ltr'><strong>Dare</strong></span> <span class='ocrx_word' id='word_1_19' title='bbox 380 507 479 572; x_wconf 86' lang='lat' dir='ltr'><strong>alicui</strong></span> <span class='ocrx_word' id='word_1_20' title='bbox 497 504 619 571; x_wconf 87' lang='lat' dir='ltr'><strong>bibere.</strong></span> <span class='ocrx_word' id='word_1_21' title='bbox 662 523 707 575; x_wconf 83' lang='lat' dir='ltr'><strong>lta</strong></span> <span class='ocrx_word' id='word_1_22' title='bbox 734 522 879 587; x_wconf 68' lang='lat' dir='ltr'><strong>metebant</strong></span> <span class='ocrx_word' id='word_1_23' title='bbox 906 526 1020 575; x_wconf 82' lang='lat' dir='ltr'><strong>retem</strong></span> 
     </span>
     <span class='ocr_line' id='line_1_4' title="bbox 53 589 1114 660; baseline -0.002 -17"><span class='ocrx_word' id='word_1_24' title='bbox 53 589 149 658; x_wconf 80' lang='lat' dir='ltr'><strong>loqui,</strong></span> <span class='ocrx_word' id='word_1_25' title='bbox 176 606 259 659; x_wconf 84' lang='lat' dir='ltr'><strong>quom</strong></span> <span class='ocrx_word' id='word_1_26' title='bbox 279 590 345 645; x_wconf 78' lang='lat' dir='ltr'><strong>dure</strong></span> <span class='ocrx_word' id='word_1_27' title='bbox 365 601 473 660; x_wconf 74' lang='lat' dir='ltr'><strong>potunt.</strong></span> <span class='ocrx_word' id='word_1_28' title='bbox 509 591 556 644; x_wconf 86' lang='lat' dir='ltr'><strong>Sic</strong></span> <span class='ocrx_word' id='word_1_29' title='bbox 573 607 628 643; x_wconf 89' lang='lat' dir='ltr'><strong>nou</strong></span> <span class='ocrx_word' id='word_1_30' title='bbox 646 591 736 643; x_wconf 79' lang='lat' dir='ltr'><strong>tolum</strong></span> <span class='ocrx_word' id='word_1_31' title='bbox 755 593 826 644; x_wconf 81' lang='lat' dir='ltr'><strong>Cato</strong></span> <span class='ocrx_word' id='word_1_32' title='bbox 846 598 875 645; x_wconf 86' lang='lat' dir='ltr'><strong>et</strong></span> <span class='ocrx_word' id='word_1_33' title='bbox 890 590 1020 656; x_wconf 78' lang='lat' dir='ltr'><strong>Plautus,</strong></span> <span class='ocrx_word' id='word_1_34' title='bbox 1111 610 1114 621; x_wconf 93' lang='lat'>·</span> 
     </span>
     <span class='ocr_line' id='line_1_5' title="bbox 53 657 1021 733; baseline -0.001 -22"><span class='ocrx_word' id='word_1_35' title='bbox 53 659 106 711; x_wconf 88' lang='lat' dir='ltr'><strong>ille</strong></span> <span class='ocrx_word' id='word_1_36' title='bbox 125 659 237 727; x_wconf 85' lang='lat' dir='ltr'><strong>quidem</strong></span> <span class='ocrx_word' id='word_1_37' title='bbox 254 661 283 711; x_wconf 90' lang='lat' dir='ltr'><strong>iu</strong></span> <span class='ocrx_word' id='word_1_38' title='bbox 301 659 350 711; x_wconf 87' lang='lat' dir='ltr'><strong>lib.</strong></span> <span class='ocrx_word' id='word_1_39' title='bbox 370 661 404 712; x_wconf 88' lang='lat' dir='ltr'><strong>de&#39;</strong></span> <span class='ocrx_word' id='word_1_40' title='bbox 420 676 451 713; x_wconf 88' lang='lat' dir='ltr'><strong>re</strong></span> <span class='ocrx_word' id='word_1_41' title='bbox 464 661 572 712; x_wconf 80' lang='lat' dir='ltr'><strong>rustico</strong></span> <span class='ocrx_word' id='word_1_42' title='bbox 585 662 643 710; x_wconf 82' lang='lat'><strong>1⁰4.</strong></span> <span class='ocrx_word' id='word_1_43' title='bbox 687 657 807 713; x_wconf 79' lang='lat' dir='ltr'><strong>Meridie</strong></span> <span class='ocrx_word' id='word_1_44' title='bbox 833 661 896 711; x_wconf 78' lang='lat' dir='ltr'><strong>elato</strong></span> <span class='ocrx_word' id='word_1_45' title='bbox 918 658 1021 733; x_wconf 62' lang='lat' dir='ltr'><strong>bibere,</strong></span> 
     </span>
     <span class='ocr_line' id='line_1_6' title="bbox 55 726 1021 795; baseline -0.001 -15"><span class='ocrx_word' id='word_1_46' title='bbox 55 727 131 781; x_wconf 87' lang='lat' dir='ltr'><strong>alter</strong></span> <span class='ocrx_word' id='word_1_47' title='bbox 148 728 177 779; x_wconf 93' lang='lat' dir='ltr'><strong>in</strong></span> <span class='ocrx_word' id='word_1_48' title='bbox 195 728 273 781; x_wconf 85' lang='lat' dir='ltr'><strong>l&#39;era.</strong></span> <span class='ocrx_word' id='word_1_49' title='bbox 291 728 325 782; x_wconf 83' lang='lat' dir='ltr'><strong>V.</strong></span> <span class='ocrx_word' id='word_1_50' title='bbox 344 730 370 781; x_wconf 98' lang='grc'><strong>2.</strong></span> <span class='ocrx_word' id='word_1_51' title='bbox 387 733 430 782; x_wconf 73' lang='lat' dir='ltr'><strong>io.</strong></span> <span class='ocrx_word' id='word_1_52' title='bbox 465 726 567 781; x_wconf 74' lang='lat' dir='ltr'><strong>Bibere</strong></span> <span class='ocrx_word' id='word_1_53' title='bbox 590 729 624 780; x_wconf 79' lang='lat' dir='ltr'><strong>de</strong></span> <span class='ocrx_word' id='word_1_54' title='bbox 648 743 735 795; x_wconf 79' lang='lat' dir='ltr'><strong>utque</strong></span> <span class='ocrx_word' id='word_1_55' title='bbox 749 728 841 795; x_wconf 79' lang='lat' dir='ltr'><strong>plenia</strong></span> <span class='ocrx_word' id='word_1_56' title='bbox 859 726 1021 790; x_wconf 68' lang='lat' dir='ltr'><strong>euntiarirr</strong></span> 
     </span>
     <span class='ocr_line' id='line_1_7' title="bbox 55 795 1021 863; baseline 0.001 -15"><span class='ocrx_word' id='word_1_57' title='bbox 55 795 107 863; x_wconf 63' lang='lat' dir='ltr'><strong>aeti</strong></span> <span class='ocrx_word' id='word_1_58' title='bbox 117 802 156 863; x_wconf 25' lang='lat' dir='ltr'><strong>,et</strong></span> <span class='ocrx_word' id='word_1_59' title='bbox 173 795 237 848; x_wconf 84' lang='lat' dir='ltr'><strong>Liv.</strong></span> <span class='ocrx_word' id='word_1_60' title='bbox 253 796 302 847; x_wconf 88' lang='lat' dir='ltr'><strong>lib.</strong></span> <span class='ocrx_word' id='word_1_61' title='bbox 321 796 383 847; x_wconf 85' lang='lat' dir='ltr'><strong>XL.</strong></span> <span class='ocrx_word' id='word_1_62' title='bbox 401 800 444 850; x_wconf 70' lang='lat'><strong>47.</strong></span> <span class='ocrx_word' id='word_1_63' title='bbox 485 796 522 850; x_wconf 78' lang='lat' dir='ltr'><strong>Ut</strong></span> <span class='ocrx_word' id='word_1_64' title='bbox 538 795 630 849; x_wconf 78' lang='lat' dir='ltr'><em>bibere</em></span> <span class='ocrx_word' id='word_1_65' title='bbox 643 795 900 858; x_wconf 63' lang='lat' dir='ltr'><strong>attrahentem,</strong></span> <span class='ocrx_word' id='word_1_66' title='bbox 919 803 947 847; x_wconf 86' lang='lat' dir='ltr'><strong>et</strong></span> <span class='ocrx_word' id='word_1_67' title='bbox 961 796 1021 849; x_wconf 80' lang='lat' dir='ltr'><strong>cie.</strong></span> 
     </span>
     <span class='ocr_line' id='line_1_8' title="bbox 56 860 1020 932; baseline 0.002 -17"><span class='ocrx_word' id='word_1_68' title='bbox 56 863 107 931; x_wconf 89' lang='lat' dir='ltr'><strong>lib.</strong></span> <span class='ocrx_word' id='word_1_69' title='bbox 122 865 143 915; x_wconf 90' lang='grc' dir='ltr'><strong>Ι.</strong></span> <span class='ocrx_word' id='word_1_70' title='bbox 168 865 251 917; x_wconf 88' lang='lat' dir='ltr'><strong>Tuso.</strong></span> <span class='ocrx_word' id='word_1_71' title='bbox 275 866 391 927; x_wconf 74' lang='lat' dir='ltr'><strong>Quaerit.</strong></span> <span class='ocrx_word' id='word_1_72' title='bbox 412 864 455 917; x_wconf 80' lang='grc'><strong>26.</strong></span> <span class='ocrx_word' id='word_1_73' title='bbox 499 862 557 916; x_wconf 86' lang='lat' dir='ltr'><strong>Nee</strong></span> <span class='ocrx_word' id='word_1_74' title='bbox 582 863 733 915; x_wconf 87' lang='lat' dir='ltr'><strong>Homerum</strong></span> <span class='ocrx_word' id='word_1_75' title='bbox 759 863 855 927; x_wconf 79' lang='lat' dir='ltr'><strong>audio,</strong></span> <span class='ocrx_word' id='word_1_76' title='bbox 870 860 873 865; x_wconf 76' lang='grc'><strong>’</strong></span> <span class='ocrx_word' id='word_1_77' title='bbox 889 863 939 932; x_wconf 74' lang='lat' dir='ltr'><strong>qui</strong></span> <span class='ocrx_word' id='word_1_78' title='bbox 964 863 1020 923; x_wconf 75' lang='lat' dir='ltr'><strong>on-</strong></span> 
     </span>
     <span class='ocr_line' id='line_1_9' title="bbox 55 931 1020 1006; baseline 0 -21"><span class='ocrx_word' id='word_1_79' title='bbox 55 932 196 1002; x_wconf 74' lang='lat' dir='ltr'><strong>rryrnedeot</strong></span> <span class='ocrx_word' id='word_1_80' title='bbox 213 932 246 984; x_wconf 80' lang='lat' dir='ltr'><strong>ai</strong></span> <span class='ocrx_word' id='word_1_81' title='bbox 264 931 330 985; x_wconf 82' lang='lat' dir='ltr'><strong>Diit</strong></span> <span class='ocrx_word' id='word_1_82' title='bbox 348 941 461 1001; x_wconf 82' lang='lat' dir='ltr'><strong>raptum</strong></span> <span class='ocrx_word' id='word_1_83' title='bbox 478 933 643 1001; x_wconf 81' lang='lat' dir='ltr'><strong>eitpropter</strong></span> <span class='ocrx_word' id='word_1_84' title='bbox 650 933 789 1006; x_wconf 80' lang='lat' dir='ltr'><strong>formam,</strong></span> <span class='ocrx_word' id='word_1_85' title='bbox 807 939 842 985; x_wconf 82' lang='lat' dir='ltr'><strong>ot</strong></span> <span class='ocrx_word' id='word_1_86' title='bbox 854 931 916 985; x_wconf 85' lang='lat' dir='ltr'><strong>lori</strong></span> <span class='ocrx_word' id='word_1_87' title='bbox 930 931 1020 986; x_wconf 75' lang='lat' dir='ltr'><strong>libere</strong></span> 
     </span>
    </p>
   </div>
   <div class='ocr_carea' id='block_1_4' title="bbox 55 1000 1072 1154">
    <p class='ocr_par' dir='ltr' id='par_1_4' title="bbox 55 1000 1072 1154">
     <span class='ocr_line' id='line_1_10' title="bbox 55 1000 1022 1060; baseline 0.004 -7"><span class='ocrx_word' id='word_1_88' title='bbox 55 1000 236 1054; x_wconf 68' lang='lat' dir='ltr'><strong>ministraret.</strong></span> <span class='ocrx_word' id='word_1_89' title='bbox 287 1024 291 1037; x_wconf 40' lang='lat' dir='ltr'><strong>n</strong></span> <span class='ocrx_word' id='word_1_90' title='bbox 462 1056 465 1060; x_wconf 75' lang='grc'>,</span> <span class='ocrx_word' id='word_1_91' title='bbox 831 1052 834 1057; x_wconf 79' lang='grc'>,</span> <span class='ocrx_word' id='word_1_92' title='bbox 1018 1044 1022 1057; x_wconf 94' lang='grc'><strong>.</strong></span> 
     </span>
     <span class='ocr_line' id='line_1_11' title="bbox 103 1062 1072 1154; baseline -0.001 -18"><span class='ocrx_word' id='word_1_93' title='bbox 103 1130 106 1136; x_wconf 92' lang='grc'><strong>.</strong></span> <span class='ocrx_word' id='word_1_94' title='bbox 125 1086 174 1139; x_wconf 84' lang='lat' dir='ltr'><strong>Vr.</strong></span> <span class='ocrx_word' id='word_1_95' title='bbox 190 1064 249 1139; x_wconf 59' lang='lat'><strong>42.</strong></span> <span class='ocrx_word' id='word_1_96' title='bbox 269 1067 307 1133; x_wconf 86' lang='lat' dir='ltr'><strong>Id</strong></span> <span class='ocrx_word' id='word_1_97' title='bbox 328 1062 427 1154; x_wconf 46' lang='lat' dir='ltr'><strong>spero.</strong></span> <span class='ocrx_word' id='word_1_98' title='bbox 442 1068 608 1133; x_wconf 81' lang='lat' dir='ltr'><strong>adiutores</strong></span> <span class='ocrx_word' id='word_1_99' title='bbox 625 1067 731 1147; x_wconf 75' lang='lat' dir='ltr'><strong>Boou,</strong></span> <span class='ocrx_word' id='word_1_100' title='bbox 754 1084 817 1150; x_wconf 78' lang='lat' dir='ltr'><strong>vel,</strong></span> <span class='ocrx_word' id='word_1_101' title='bbox 838 1069 1021 1137; x_wconf 82' lang='lat' dir='ltr'><strong>adiutorem</strong></span> <span class='ocrx_word' id='word_1_102' title='bbox 1038 1072 1072 1128; x_wconf 76' lang='grc'><strong>16</strong></span> 
     </span>
    </p>
   </div>
   <div class='ocr_carea' id='block_1_5' title="bbox 55 1151 1072 1648">
    <p class='ocr_par' dir='ltr' id='par_1_5' title="bbox 55 1151 1072 1648">
     <span class='ocr_line' id='line_1_12' title="bbox 55 1151 1072 1238; baseline 0 -16"><span class='ocrx_word' id='word_1_103' title='bbox 55 1151 175 1218; x_wconf 74' lang='lat' dir='ltr'><strong>Deum·</strong></span> <span class='ocrx_word' id='word_1_104' title='bbox 198 1170 229 1222; x_wconf 81' lang='lat' dir='ltr'><strong>ltl</strong></span> <span class='ocrx_word' id='word_1_105' title='bbox 247 1176 308 1235; x_wconf 83' lang='lat' dir='ltr'><strong>eet,</strong></span> <span class='ocrx_word' id='word_1_106' title='bbox 329 1185 413 1238; x_wconf 76' lang='lat' dir='ltr'><strong>spero</strong></span> <span class='ocrx_word' id='word_1_107' title='bbox 433 1170 463 1219; x_wconf 93' lang='lat' dir='ltr'><strong>in</strong></span> <span class='ocrx_word' id='word_1_108' title='bbox 483 1167 535 1221; x_wconf 79' lang='lat' dir='ltr'><strong>liae</strong></span> <span class='ocrx_word' id='word_1_109' title='bbox 553 1184 584 1220; x_wconf 87' lang='lat' dir='ltr'><strong>re</strong></span> <span class='ocrx_word' id='word_1_110' title='bbox 601 1170 682 1221; x_wconf 81' lang='lat' dir='ltr'><strong>nobie</strong></span> <span class='ocrx_word' id='word_1_111' title='bbox 704 1170 864 1222; x_wconf 85' lang='lat' dir='ltr'><strong>adiutorem</strong></span> <span class='ocrx_word' id='word_1_112' title='bbox 878 1170 924 1222; x_wconf 78' lang='lat' dir='ltr'><strong>vel</strong></span> <span class='ocrx_word' id='word_1_113' title='bbox 940 1171 1021 1222; x_wconf 64' lang='lat' dir='ltr'><strong>aunt·</strong></span> <span class='ocrx_word' id='word_1_114' title='bbox 1065 1168 1072 1177; x_wconf 88' lang='lat'><em>&#39;</em></span> 
     </span>
     <span class='ocr_line' id='line_1_13' title="bbox 55 1237 1021 1306; baseline -0.002 -17"><span class='ocrx_word' id='word_1_115' title='bbox 55 1237 190 1290; x_wconf 86' lang='lat' dir='ltr'><strong>liatorem</strong></span> <span class='ocrx_word' id='word_1_116' title='bbox 218 1237 344 1290; x_wconf 77' lang='lat' dir='ltr'><strong>futurum</strong></span> <span class='ocrx_word' id='word_1_117' title='bbox 364 1239 465 1291; x_wconf 85' lang='lat' dir='ltr'><strong>Deum.</strong></span> <span class='ocrx_word' id='word_1_118' title='bbox 501 1239 555 1290; x_wconf 82' lang='lat' dir='ltr'><strong>Est</strong></span> <span class='ocrx_word' id='word_1_119' title='bbox 577 1245 671 1289; x_wconf 84' lang='lat' dir='ltr'><strong>autern</strong></span> <span class='ocrx_word' id='word_1_120' title='bbox 699 1240 804 1291; x_wconf 82' lang='lat' dir='ltr'><strong>(lictum</strong></span> <span class='ocrx_word' id='word_1_121' title='bbox 828 1252 879 1306; x_wconf 86' lang='lat' dir='ltr'><strong>per</strong></span> <span class='ocrx_word' id='word_1_122' title='bbox 904 1238 1021 1291; x_wconf 75' lang='lat' dir='ltr'><strong>Graecl-</strong></span> 
     </span>
     <span class='ocr_line' id='line_1_14' title="bbox 57 1306 1019 1374; baseline 0.004 -17"><span class='ocrx_word' id='word_1_123' title='bbox 57 1322 149 1358; x_wconf 81' lang='lat' dir='ltr'><strong>emum</strong></span> <span class='ocrx_word' id='word_1_124' title='bbox 171 1307 282 1359; x_wconf 83' lang='lat' dir='ltr'><strong>adiutor</strong></span> <span class='ocrx_word' id='word_1_125' title='bbox 303 1307 335 1358; x_wconf 81' lang='lat' dir='ltr'><strong>id</strong></span> <span class='ocrx_word' id='word_1_126' title='bbox 355 1322 406 1374; x_wconf 90' lang='lat' dir='ltr'><strong>pro</strong></span> <span class='ocrx_word' id='word_1_127' title='bbox 426 1306 536 1358; x_wconf 84' lang='lat' dir='ltr'><strong>adiutor</strong></span> <span class='ocrx_word' id='word_1_128' title='bbox 562 1308 600 1358; x_wconf 80' lang='lat' dir='ltr'><strong>ai</strong></span> <span class='ocrx_word' id='word_1_129' title='bbox 623 1308 660 1359; x_wconf 82' lang='lat' dir='ltr'><strong>id.</strong></span> <span class='ocrx_word' id='word_1_130' title='bbox 696 1309 741 1360; x_wconf 88' lang='lat' dir='ltr'><strong>Sic</strong></span> <span class='ocrx_word' id='word_1_131' title='bbox 760 1309 787 1359; x_wconf 93' lang='lat' dir='ltr'><strong>in</strong></span> <span class='ocrx_word' id='word_1_132' title='bbox 807 1306 923 1373; x_wconf 75' lang='lat' dir='ltr'><strong>Adelph.</strong></span> <span class='ocrx_word' id='word_1_133' title='bbox 943 1308 976 1360; x_wconf 88' lang='lat' dir='ltr'><strong>V.</strong></span> <span class='ocrx_word' id='word_1_134' title='bbox 992 1310 1019 1360; x_wconf 88' lang='grc'><strong>8.</strong></span> 
     </span>
     <span class='ocr_line' id='line_1_15' title="bbox 59 1373 1019 1442; baseline 0.001 -16"><span class='ocrx_word' id='word_1_135' title='bbox 59 1374 103 1426; x_wconf 84' lang='grc'><strong>16.</strong></span> <span class='ocrx_word' id='word_1_136' title='bbox 141 1373 209 1427; x_wconf 77' lang='lat' dir='ltr'><strong>lene</strong></span> <span class='ocrx_word' id='word_1_137' title='bbox 228 1375 290 1427; x_wconf 81' lang='lat' dir='ltr'><strong>ertit</strong></span> <span class='ocrx_word' id='word_1_138' title='bbox 309 1383 435 1427; x_wconf 74' lang='lat' dir='ltr'><strong>auctores</strong></span> <span class='ocrx_word' id='word_1_139' title='bbox 451 1374 631 1442; x_wconf 51' lang='lat' dir='ltr'><strong>mittrprop</strong></span> <span class='ocrx_word' id='word_1_140' title='bbox 643 1375 708 1426; x_wconf 84' lang='lat' dir='ltr'><strong>idne</strong></span> <span class='ocrx_word' id='word_1_141' title='bbox 722 1377 847 1427; x_wconf 78' lang='lat' dir='ltr'><strong>suadetis</strong></span> <span class='ocrx_word' id='word_1_142' title='bbox 862 1374 945 1437; x_wconf 78' lang='lat' dir='ltr'><strong>rrrilri,</strong></span> <span class='ocrx_word' id='word_1_143' title='bbox 964 1376 1019 1440; x_wconf 74' lang='lat' dir='ltr'><strong>vel,</strong></span> 
     </span>
     <span class='ocr_line' id='line_1_16' title="bbox 58 1442 1020 1511; baseline 0 -15"><span class='ocrx_word' id='word_1_144' title='bbox 58 1444 98 1496; x_wconf 85' lang='lat' dir='ltr'><strong>ad</strong></span> <span class='ocrx_word' id='word_1_145' title='bbox 115 1443 181 1495; x_wconf 84' lang='lat' dir='ltr'><strong>idne</strong></span> <span class='ocrx_word' id='word_1_146' title='bbox 198 1443 356 1497; x_wconf 82' lang='lat' dir='ltr'><strong>iaciendum</strong></span> <span class='ocrx_word' id='word_1_147' title='bbox 376 1445 445 1495; x_wconf 80' lang='lat' dir='ltr'><strong>estis</strong></span> <span class='ocrx_word' id='word_1_148' title='bbox 462 1449 593 1496; x_wconf 78' lang='lat' dir='ltr'><strong>auctores</strong></span> <span class='ocrx_word' id='word_1_149' title='bbox 611 1442 695 1495; x_wconf 81' lang='lat' dir='ltr'><strong>milit</strong></span> <span class='ocrx_word' id='word_1_150' title='bbox 740 1443 818 1508; x_wconf 76' lang='lat' dir='ltr'><strong>Nihll</strong></span> <span class='ocrx_word' id='word_1_151' title='bbox 843 1445 879 1507; x_wconf 70' lang='lat' dir='ltr'><strong>(le</strong></span> <span class='ocrx_word' id='word_1_152' title='bbox 903 1442 955 1511; x_wconf 77' lang='lat' dir='ltr'><strong>liae</strong></span> <span class='ocrx_word' id='word_1_153' title='bbox 979 1444 1020 1497; x_wconf 92' lang='lat' dir='ltr'><strong>lo·</strong></span> 
     </span>
     <span class='ocr_line' id='line_1_17' title="bbox 60 1510 1024 1582; baseline 0.003 -19"><span class='ocrx_word' id='word_1_154' title='bbox 60 1513 197 1579; x_wconf 83' lang='lat' dir='ltr'><strong>quutione</strong></span> <span class='ocrx_word' id='word_1_155' title='bbox 215 1512 335 1564; x_wconf 78' lang='lat' dir='ltr'><strong>dietavit</strong></span> <span class='ocrx_word' id='word_1_156' title='bbox 353 1510 500 1564; x_wconf 84' lang='lat' dir='ltr'><strong>Ruhnken.</strong></span> <span class='ocrx_word' id='word_1_157' title='bbox 516 1563 521 1574; x_wconf 63' lang='lat'><strong>.</strong></span> <span class='ocrx_word' id='word_1_158' title='bbox 536 1513 646 1581; x_wconf 76' lang='lat' dir='ltr'><strong>Quippe</strong></span> <span class='ocrx_word' id='word_1_159' title='bbox 666 1513 729 1580; x_wconf 82' lang='lat' dir='ltr'><strong>lege</strong></span> <span class='ocrx_word' id='word_1_160' title='bbox 768 1520 780 1565; x_wconf 89' lang='lat' dir='ltr'><strong>t</strong></span> <span class='ocrx_word' id='word_1_161' title='bbox 801 1512 949 1573; x_wconf 74' lang='lat' dir='ltr'><strong>adiuturoe&#39;</strong></span> <span class='ocrx_word' id='word_1_162' title='bbox 967 1527 1024 1582; x_wconf 76' lang='lat' dir='ltr'><strong>pro</strong></span> 
     </span>
     <span class='ocr_line' id='line_1_18' title="bbox 61 1579 984 1648; baseline 0.001 -16"><span class='ocrx_word' id='word_1_163' title='bbox 61 1579 211 1639; x_wconf 74' lang='lat' dir='ltr'><strong>adiutoree.</strong></span> <span class='ocrx_word' id='word_1_164' title='bbox 246 1579 315 1648; x_wconf 70' lang='lat' dir='ltr'><strong>Fre]</strong></span> <span class='ocrx_word' id='word_1_165' title='bbox 419 1618 422 1623; x_wconf 82' lang='lat'>·</span> <span class='ocrx_word' id='word_1_166' title='bbox 557 1620 561 1643; x_wconf 63' lang='grc'><strong>,.</strong></span> <span class='ocrx_word' id='word_1_167' title='bbox 595 1638 598 1643; x_wconf 63' lang='grc'>,</span> <span class='ocrx_word' id='word_1_168' title='bbox 788 1626 791 1631; x_wconf 91' lang='grc'><strong>.</strong></span> <span class='ocrx_word' id='word_1_169' title='bbox 832 1616 837 1625; x_wconf 81' lang='lat'><strong>·</strong></span> <span class='ocrx_word' id='word_1_170' title='bbox 904 1618 908 1626; x_wconf 81' lang='grc'><strong>.</strong></span> <span class='ocrx_word' id='word_1_171' title='bbox 981 1620 984 1625; x_wconf 88' lang='grc'>-</span> 
     </span>
    </p>
   </div>
   <div class='ocr_carea' id='block_1_6' title="bbox 402 1678 682 1782">
    <p class='ocr_par' dir='ltr' id='par_1_6' title="bbox 402 1678 682 1782">
     <span class='ocr_line' id='line_1_19' title="bbox 402 1678 682 1782; baseline 0 0"><span class='ocrx_word' id='word_1_172' title='bbox 402 1740 471 1782; x_wconf 80' lang='lat' dir='ltr'><strong>aer.</strong></span> <span class='ocrx_word' id='word_1_173' title='bbox 492 1678 544 1782; x_wconf 90' lang='lat' dir='ltr'><strong>lll.</strong></span> <span class='ocrx_word' id='word_1_174' title='bbox 579 1706 631 1782; x_wconf 70' lang='lat' dir='ltr'><strong>tc.</strong></span> <span class='ocrx_word' id='word_1_175' title='bbox 653 1706 682 1782; x_wconf 73' lang='lat'><strong>3&#39;.</strong></span> 
     </span>
    </p>
   </div>
   <div class='ocr_carea' id='block_1_7' title="bbox 29 1838 1113 2524">
    <p class='ocr_par' dir='ltr' id='par_1_7' title="bbox 29 1838 1021 1939">
     <span class='ocr_line' id='line_1_20' title="bbox 29 1838 1021 1939; baseline -0.001 -30"><span class='ocrx_word' id='word_1_176' title='bbox 29 1901 57 1919; x_wconf 73' lang='grc'><strong>,,</strong></span> <span class='ocrx_word' id='word_1_177' title='bbox 131 1855 180 1910; x_wconf 82' lang='lat' dir='ltr'><strong>Va.</strong></span> <span class='ocrx_word' id='word_1_178' title='bbox 204 1856 233 1909; x_wconf 82' lang='lat' dir='ltr'><strong>o:</strong></span> <span class='ocrx_word' id='word_1_179' title='bbox 272 1838 338 1903; x_wconf 80' lang='lat' dir='ltr'><strong>Per</strong></span> <span class='ocrx_word' id='word_1_180' title='bbox 361 1859 422 1926; x_wconf 83' lang='lat' dir='ltr'><strong>ego</strong></span> <span class='ocrx_word' id='word_1_181' title='bbox 450 1854 481 1903; x_wconf 85' lang='lat' dir='ltr'><strong>te</strong></span> <span class='ocrx_word' id='word_1_182' title='bbox 504 1838 592 1902; x_wconf 82' lang='lat' dir='ltr'><strong>Deos</strong></span> <span class='ocrx_word' id='word_1_183' title='bbox 614 1862 681 1903; x_wconf 89' lang='lat' dir='ltr'><strong>oro.</strong></span> <span class='ocrx_word' id='word_1_184' title='bbox 727 1855 939 1909; x_wconf 79' lang='lat' dir='ltr'><strong>Observandum</strong></span> <span class='ocrx_word' id='word_1_185' title='bbox 965 1853 1021 1939; x_wconf 76' lang='lat' dir='ltr'><strong>trip,</strong></span> 
     </span>
    </p>

    <p class='ocr_par' dir='ltr' id='par_1_8' title="bbox 61 1923 1112 2062">
     <span class='ocr_line' id='line_1_21' title="bbox 62 1923 1112 1995; baseline 0 -19"><span class='ocrx_word' id='word_1_186' title='bbox 62 1930 177 1976; x_wconf 77' lang='lat' dir='ltr'><strong>veteres</strong></span> <span class='ocrx_word' id='word_1_187' title='bbox 195 1926 341 1995; x_wconf 81' lang='lat' dir='ltr'><strong>eleganter</strong></span> <span class='ocrx_word' id='word_1_188' title='bbox 358 1927 386 1977; x_wconf 92' lang='lat' dir='ltr'><strong>in</strong></span> <span class='ocrx_word' id='word_1_189' title='bbox 404 1924 551 1992; x_wconf 79' lang='lat' dir='ltr'><strong>precando,</strong></span> <span class='ocrx_word' id='word_1_190' title='bbox 563 1925 664 1977; x_wconf 77' lang='lat' dir='ltr'><strong>solitos</strong></span> <span class='ocrx_word' id='word_1_191' title='bbox 683 1923 770 1977; x_wconf 84' lang='lat' dir='ltr'><strong>fuisse</strong></span> <span class='ocrx_word' id='word_1_192' title='bbox 789 1927 863 1976; x_wconf 90' lang='lat' dir='ltr'><strong>inter</strong></span> <span class='ocrx_word' id='word_1_193' title='bbox 877 1941 1022 1993; x_wconf 79' lang='lat' dir='ltr'><strong>praeposi-</strong></span> <span class='ocrx_word' id='word_1_194' title='bbox 1109 1940 1112 1944; x_wconf 83' lang='grc'>’</span> 
     </span>
     <span class='ocr_line' id='line_1_22' title="bbox 61 1993 1022 2062; baseline -0.002 -17"><span class='ocrx_word' id='word_1_195' title='bbox 61 1994 169 2045; x_wconf 85' lang='lat' dir='ltr'><strong>tionem</strong></span> <span class='ocrx_word' id='word_1_196' title='bbox 186 2010 239 2062; x_wconf 82' lang='lat' dir='ltr'><strong>per</strong></span> <span class='ocrx_word' id='word_1_197' title='bbox 259 2000 288 2049; x_wconf 85' lang='lat' dir='ltr'><strong>et</strong></span> <span class='ocrx_word' id='word_1_198' title='bbox 305 1994 467 2048; x_wconf 83' lang='lat' dir='ltr'><strong>adiunctum</strong></span> <span class='ocrx_word' id='word_1_199' title='bbox 488 1994 514 2043; x_wconf 89' lang='lat' dir='ltr'><strong>ei</strong></span> <span class='ocrx_word' id='word_1_200' title='bbox 532 2008 632 2044; x_wconf 88' lang='lat' dir='ltr'><strong>nomen</strong></span> <span class='ocrx_word' id='word_1_201' title='bbox 651 1993 728 2045; x_wconf 86' lang='lat' dir='ltr'><strong>aliud</strong></span> <span class='ocrx_word' id='word_1_202' title='bbox 745 1994 912 2047; x_wconf 78' lang='lat' dir='ltr'><strong>vocabulum</strong></span> <span class='ocrx_word' id='word_1_203' title='bbox 929 2001 957 2044; x_wconf 91' lang='lat' dir='ltr'><strong>et</strong></span> <span class='ocrx_word' id='word_1_204' title='bbox 970 1993 1022 2045; x_wconf 83' lang='lat' dir='ltr'><strong>inn-</strong></span> 
     </span>
    </p>

    <p class='ocr_par' dir='ltr' id='par_1_9' title="bbox 83 2056 1023 2130">
     <span class='ocr_line' id='line_1_23' title="bbox 83 2056 1023 2130; baseline 0.001 -19"><span class='ocrx_word' id='word_1_205' title='bbox 83 2062 357 2129; x_wconf 80' lang='lat' dir='ltr'><strong>rimisprononrina</strong></span> <span class='ocrx_word' id='word_1_206' title='bbox 384 2065 435 2129; x_wconf 80' lang='lat' dir='ltr'><strong>ego</strong></span> <span class='ocrx_word' id='word_1_207' title='bbox 462 2067 490 2112; x_wconf 86' lang='lat' dir='ltr'><strong>et</strong></span> <span class='ocrx_word' id='word_1_208' title='bbox 513 2077 565 2112; x_wconf 82' lang='lat' dir='ltr'><strong>roe·</strong></span> <span class='ocrx_word' id='word_1_209' title='bbox 582 2056 772 2130; x_wconf 80' lang='lat' dir='ltr'><strong>interponere.</strong></span> <span class='ocrx_word' id='word_1_210' title='bbox 817 2062 974 2114; x_wconf 82' lang='lat' dir='ltr'><strong>Sie&#39;Plaut.</strong></span> <span class='ocrx_word' id='word_1_211' title='bbox 993 2063 1023 2113; x_wconf 88' lang='lat' dir='ltr'><strong>in</strong></span> 
     </span>
    </p>

    <p class='ocr_par' dir='ltr' id='par_1_10' title="bbox 57 2129 1113 2524">
     <span class='ocr_line' id='line_1_24' title="bbox 97 2129 1021 2198; baseline 0.001 -18"><span class='ocrx_word' id='word_1_212' title='bbox 97 2129 189 2180; x_wconf 79' lang='lat' dir='ltr'><strong>ostell.</strong></span> <span class='ocrx_word' id='word_1_213' title='bbox 208 2131 256 2182; x_wconf 92' lang='lat' dir='ltr'><strong>lll.</strong></span> <span class='ocrx_word' id='word_1_214' title='bbox 274 2133 299 2181; x_wconf 82' lang='lat'><strong>2.</strong></span> <span class='ocrx_word' id='word_1_215' title='bbox 319 2132 360 2182; x_wconf 77' lang='lat' dir='ltr'><strong>tt.</strong></span> <span class='ocrx_word' id='word_1_216' title='bbox 400 2129 481 2182; x_wconf 82' lang='lat' dir='ltr'><strong>Nune</strong></span> <span class='ocrx_word' id='word_1_217' title='bbox 500 2138 527 2180; x_wconf 87' lang='lat' dir='ltr'><strong>te</strong></span> <span class='ocrx_word' id='word_1_218' title='bbox 547 2145 598 2195; x_wconf 79' lang='lat' dir='ltr'><strong>ego</strong></span> <span class='ocrx_word' id='word_1_219' title='bbox 616 2146 669 2198; x_wconf 83' lang='lat' dir='ltr'><strong>per</strong></span> <span class='ocrx_word' id='word_1_220' title='bbox 687 2146 781 2198; x_wconf 76' lang='lat' dir='ltr'><strong>genua</strong></span> <span class='ocrx_word' id='word_1_221' title='bbox 804 2131 920 2182; x_wconf 83' lang='lat' dir='ltr'><strong>oteeero.</strong></span> <span class='ocrx_word' id='word_1_222' title='bbox 956 2130 1021 2184; x_wconf 75' lang='lat' dir='ltr'><strong>Lir.</strong></span> 
     </span>
     <span class='ocr_line' id='line_1_25' title="bbox 61 2196 1027 2268; baseline 0 -19"><span class='ocrx_word' id='word_1_223' title='bbox 61 2196 169 2249; x_wconf 89' lang='lat' dir='ltr'><strong>XXlll.</strong></span> <span class='ocrx_word' id='word_1_224' title='bbox 187 2200 212 2251; x_wconf 82' lang='grc'><strong>9.</strong></span> <span class='ocrx_word' id='word_1_225' title='bbox 250 2198 305 2250; x_wconf 80' lang='lat' dir='ltr'><strong>Per</strong></span> <span class='ocrx_word' id='word_1_226' title='bbox 320 2214 371 2266; x_wconf 79' lang='lat' dir='ltr'><strong>ego</strong></span> <span class='ocrx_word' id='word_1_227' title='bbox 385 2198 503 2267; x_wconf 72' lang='lat' dir='ltr'><strong>te,‘fiti,</strong></span> <span class='ocrx_word' id='word_1_228' title='bbox 520 2213 701 2266; x_wconf 82' lang='lat' dir='ltr'><strong>quaeeunque</strong></span> <span class='ocrx_word' id='word_1_229' title='bbox 712 2198 887 2268; x_wconf 25' lang='lat' dir='ltr'><strong>iterantiberoe</strong></span> <span class='ocrx_word' id='word_1_230' title='bbox 901 2199 1027 2266; x_wconf 74' lang='lat' dir='ltr'><strong>iungunt</strong></span> 
     </span>
     <span class='ocr_line' id='line_1_26' title="bbox 57 2265 1113 2336; baseline 0.001 -20"><span class='ocrx_word' id='word_1_231' title='bbox 57 2265 237 2335; x_wconf 66' lang='lat' dir='ltr'><strong>perentitur,</strong></span> <span class='ocrx_word' id='word_1_232' title='bbox 260 2283 362 2334; x_wconf 78' lang='lat' dir='ltr'><strong>precor</strong></span> <span class='ocrx_word' id='word_1_233' title='bbox 380 2283 543 2333; x_wconf 79' lang='lat' dir='ltr'><strong>quaesoque.</strong></span> <span class='ocrx_word' id='word_1_234' title='bbox 584 2266 691 2320; x_wconf 79' lang='lat' dir='ltr'><strong>Seneca</strong></span> <span class='ocrx_word' id='word_1_235' title='bbox 707 2268 735 2317; x_wconf 91' lang='lat' dir='ltr'><strong>in</strong></span> <span class='ocrx_word' id='word_1_236' title='bbox 754 2268 940 2336; x_wconf 80' lang='lat' dir='ltr'><strong>l&#39;ragoediie:</strong></span> <span class='ocrx_word' id='word_1_237' title='bbox 968 2266 1025 2318; x_wconf 81' lang='lat' dir='ltr'><strong>Per</strong></span> <span class='ocrx_word' id='word_1_238' title='bbox 1107 2286 1113 2293; x_wconf 91' lang='lat'>·</span> 
     </span>
     <span class='ocr_line' id='line_1_27' title="bbox 62 2334 1025 2403; baseline 0.004 -19"><span class='ocrx_word' id='word_1_239' title='bbox 62 2335 233 2402; x_wconf 70' lang='lat' dir='ltr'><strong>repercutit</strong></span> <span class='ocrx_word' id='word_1_240' title='bbox 254 2334 412 2387; x_wconf 82' lang='lat' dir='ltr'><strong>memorium</strong></span> <span class='ocrx_word' id='word_1_241' title='bbox 435 2335 551 2386; x_wconf 75' lang='lat' dir='ltr'><strong>obtestor</strong></span> <span class='ocrx_word' id='word_1_242' title='bbox 573 2335 634 2386; x_wconf 87' lang='lat' dir='ltr'><strong>mei.</strong></span> <span class='ocrx_word' id='word_1_243' title='bbox 672 2334 816 2403; x_wconf 76' lang='lat' dir='ltr'><strong>[Electrae</strong></span> <span class='ocrx_word' id='word_1_244' title='bbox 840 2337 929 2388; x_wconf 77' lang='lat' dir='ltr'><strong>rerba</strong></span> <span class='ocrx_word' id='word_1_245' title='bbox 952 2334 1025 2393; x_wconf 78' lang='lat' dir='ltr'><strong>hato</strong></span> 
     </span>
     <span class='ocr_line' id='line_1_28' title="bbox 61 2402 1030 2473; baseline -0.002 -19"><span class='ocrx_word' id='word_1_246' title='bbox 61 2404 169 2454; x_wconf 77' lang='lat' dir='ltr'><strong>suntin</strong></span> <span class='ocrx_word' id='word_1_247' title='bbox 184 2407 344 2472; x_wconf 77' lang='lat' dir='ltr'><strong>Agamemn.</strong></span> <span class='ocrx_word' id='word_1_248' title='bbox 358 2410 413 2456; x_wconf 79' lang='lat' dir='ltr'><strong>eet.</strong></span> <span class='ocrx_word' id='word_1_249' title='bbox 425 2404 459 2457; x_wconf 86' lang='lat' dir='ltr'><strong>V.</strong></span> <span class='ocrx_word' id='word_1_250' title='bbox 473 2402 546 2472; x_wconf 64' lang='grc'><strong>922]</strong></span> <span class='ocrx_word' id='word_1_251' title='bbox 579 2405 656 2456; x_wconf 85' lang='lat' dir='ltr'><strong>Curt.</strong></span> <span class='ocrx_word' id='word_1_252' title='bbox 670 2404 718 2456; x_wconf 89' lang='lat' dir='ltr'><strong>lib.</strong></span> <span class='ocrx_word' id='word_1_253' title='bbox 732 2405 766 2457; x_wconf 92' lang='lat' dir='ltr'><strong>V.</strong></span> <span class='ocrx_word' id='word_1_254' title='bbox 778 2420 846 2472; x_wconf 75' lang='lat' dir='ltr'><strong>etp.</strong></span> <span class='ocrx_word' id='word_1_255' title='bbox 861 2408 885 2458; x_wconf 67' lang='lat'><strong>8„</strong></span> <span class='ocrx_word' id='word_1_256' title='bbox 907 2404 1030 2473; x_wconf 85' lang='lat' dir='ltr'><strong>Perego.</strong></span> 
     </span>
     <span class='ocr_line' id='line_1_29' title="bbox 61 2472 1024 2524; baseline 0.001 -1"><span class='ocrx_word' id='word_1_257' title='bbox 61 2487 108 2523; x_wconf 80' lang='lat' dir='ltr'><strong>ror</strong></span> <span class='ocrx_word' id='word_1_258' title='bbox 130 2473 228 2524; x_wconf 83' lang='lat' dir='ltr'><strong>decora</strong></span> <span class='ocrx_word' id='word_1_259' title='bbox 245 2473 380 2524; x_wconf 82' lang='lat' dir='ltr'><strong>maiorum</strong></span> <span class='ocrx_word' id='word_1_260' title='bbox 398 2489 445 2523; x_wconf 90' lang='lat' dir='ltr'><strong>oro</strong></span> <span class='ocrx_word' id='word_1_261' title='bbox 464 2480 492 2523; x_wconf 87' lang='lat' dir='ltr'><strong>et</strong></span> <span class='ocrx_word' id='word_1_262' title='bbox 508 2472 632 2524; x_wconf 82' lang='lat' dir='ltr'><strong>obtestor.</strong></span> <span class='ocrx_word' id='word_1_263' title='bbox 927 2504 930 2508; x_wconf 32' lang='grc' dir='ltr'>ι</span> <span class='ocrx_word' id='word_1_264' title='bbox 1022 2492 1024 2497; x_wconf 95' lang='grc'><em>·</em></span> 
     </span>
    </p>
   </div>
   <div class='ocr_carea' id='block_1_8' title="bbox 21 2541 1079 2969">
    <p class='ocr_par' dir='ltr' id='par_1_11' title="bbox 131 2541 1025 2625">
     <span class='ocr_line' id='line_1_30' title="bbox 131 2541 1025 2625; baseline 0 -17"><span class='ocrx_word' id='word_1_265' title='bbox 131 2557 179 2608; x_wconf 82' lang='lat' dir='ltr'><strong>Vs.</strong></span> <span class='ocrx_word' id='word_1_266' title='bbox 199 2557 240 2609; x_wconf 81' lang='lat'><strong>30.</strong></span> <span class='ocrx_word' id='word_1_267' title='bbox 276 2543 454 2625; x_wconf 82' lang='lat' dir='ltr'><strong>Ernergere</strong></span> <span class='ocrx_word' id='word_1_268' title='bbox 480 2562 554 2604; x_wconf 80' lang='lat' dir='ltr'><strong>sese</strong></span> <span class='ocrx_word' id='word_1_269' title='bbox 577 2541 745 2608; x_wconf 78' lang='lat' dir='ltr'><strong>exitialis·</strong></span> <span class='ocrx_word' id='word_1_270' title='bbox 789 2557 951 2610; x_wconf 86' lang='lat' dir='ltr'><strong>Notandum</strong></span> <span class='ocrx_word' id='word_1_271' title='bbox 978 2556 1025 2610; x_wconf 87' lang='lat' dir='ltr'><strong>hio</strong></span> 
     </span>
    </p>

    <p class='ocr_par' dir='ltr' id='par_1_12' title="bbox 21 2624 1079 2969">
     <span class='ocr_line' id='line_1_31' title="bbox 21 2624 1025 2696; baseline 0.004 -22"><span class='ocrx_word' id='word_1_272' title='bbox 21 2676 27 2682; x_wconf 67' lang='lat'><em>,</em></span> <span class='ocrx_word' id='word_1_273' title='bbox 61 2624 181 2696; x_wconf 57' lang='lat' dir='ltr'><strong>veritum</strong></span> <span class='ocrx_word' id='word_1_274' title='bbox 201 2640 341 2693; x_wconf 78' lang='lat' dir='ltr'><strong>emergere</strong></span> <span class='ocrx_word' id='word_1_275' title='bbox 359 2641 420 2677; x_wconf 85' lang='lat' dir='ltr'><strong>eum</strong></span> <span class='ocrx_word' id='word_1_276' title='bbox 444 2641 511 2677; x_wconf 75' lang='lat' dir='ltr'><strong>earu</strong></span> <span class='ocrx_word' id='word_1_277' title='bbox 533 2626 613 2679; x_wconf 80' lang='lat' dir='ltr'><strong>verbi</strong></span> <span class='ocrx_word' id='word_1_278' title='bbox 634 2626 776 2679; x_wconf 80' lang='lat' dir='ltr'><strong>transitivi</strong></span> <span class='ocrx_word' id='word_1_279' title='bbox 801 2628 941 2694; x_wconf 88' lang='lat' dir='ltr'><strong>usurpari.</strong></span> <span class='ocrx_word' id='word_1_280' title='bbox 978 2624 1025 2679; x_wconf 85' lang='lat' dir='ltr'><strong>Sic</strong></span> 
     </span>
     <span class='ocr_line' id='line_1_32' title="bbox 63 2692 1062 2765; baseline 0.003 -21"><span class='ocrx_word' id='word_1_281' title='bbox 63 2693 121 2756; x_wconf 75' lang='lat' dir='ltr'><strong>(lie.</strong></span> <span class='ocrx_word' id='word_1_282' title='bbox 140 2694 210 2746; x_wconf 84' lang='lat' dir='ltr'><strong>Har.</strong></span> <span class='ocrx_word' id='word_1_283' title='bbox 230 2710 303 2761; x_wconf 86' lang='lat' dir='ltr'><strong>resp.</strong></span> <span class='ocrx_word' id='word_1_284' title='bbox 323 2694 440 2748; x_wconf 85' lang='lat' dir='ltr'>XXXV.</span> <span class='ocrx_word' id='word_1_285' title='bbox 481 2692 599 2745; x_wconf 74' lang='lat' dir='ltr'><strong>Tenere</strong></span> <span class='ocrx_word' id='word_1_286' title='bbox 622 2692 753 2761; x_wconf 80' lang='lat' dir='ltr'><strong>emergit,</strong></span> <span class='ocrx_word' id='word_1_287' title='bbox 779 2703 807 2746; x_wconf 89' lang='lat' dir='ltr'><strong>et</strong></span> <span class='ocrx_word' id='word_1_288' title='bbox 821 2697 922 2765; x_wconf 75' lang='lat' dir='ltr'><strong>sertor</strong></span> <span class='ocrx_word' id='word_1_289' title='bbox 944 2694 1026 2747; x_wconf 81' lang='lat' dir='ltr'><strong>illue.</strong></span> <span class='ocrx_word' id='word_1_290' title='bbox 1058 2700 1062 2706; x_wconf 88' lang='lat'>&#39;</span> 
     </span>
     <span class='ocr_line' id='line_1_33' title="bbox 64 2761 1025 2831; baseline 0.003 -19"><span class='ocrx_word' id='word_1_291' title='bbox 64 2762 177 2813; x_wconf 86' lang='lat' dir='ltr'><strong>Cornel.</strong></span> <span class='ocrx_word' id='word_1_292' title='bbox 197 2762 266 2831; x_wconf 87' lang='lat' dir='ltr'><strong>Nep.</strong></span> <span class='ocrx_word' id='word_1_293' title='bbox 286 2764 313 2813; x_wconf 90' lang='lat' dir='ltr'><strong>in</strong></span> <span class='ocrx_word' id='word_1_294' title='bbox 332 2763 392 2814; x_wconf 80' lang='lat' dir='ltr'><strong>vita</strong></span> <span class='ocrx_word' id='word_1_295' title='bbox 411 2762 498 2815; x_wconf 83' lang='lat' dir='ltr'><strong>Attici</strong></span> <span class='ocrx_word' id='word_1_296' title='bbox 518 2762 583 2822; x_wconf 65' lang='lat' dir='ltr'><strong>Xl„</strong></span> <span class='ocrx_word' id='word_1_297' title='bbox 606 2761 710 2826; x_wconf 74' lang='lat' dir='ltr'><strong>Quiete</strong></span> <span class='ocrx_word' id='word_1_298' title='bbox 723 2779 758 2813; x_wconf 84' lang='lat' dir='ltr'><strong>ex</strong></span> <span class='ocrx_word' id='word_1_299' title='bbox 766 2765 927 2822; x_wconf 75' lang='lat' dir='ltr'><strong>molientur</strong></span> <span class='ocrx_word' id='word_1_300' title='bbox 941 2778 1025 2815; x_wconf 77' lang='lat' dir='ltr'><strong>enter·</strong></span> 
     </span>
     <span class='ocr_line' id='line_1_34' title="bbox 61 2824 1079 2899; baseline 0.003 -17"><span class='ocrx_word' id='word_1_301' title='bbox 61 2829 108 2882; x_wconf 84' lang='lat' dir='ltr'><strong>ait.</strong></span> <span class='ocrx_word' id='word_1_302' title='bbox 143 2831 252 2899; x_wconf 78' lang='lat' dir='ltr'><strong>Apulei.</strong></span> <span class='ocrx_word' id='word_1_303' title='bbox 270 2833 299 2883; x_wconf 92' lang='lat' dir='ltr'><strong>in</strong></span> <span class='ocrx_word' id='word_1_304' title='bbox 317 2831 455 2899; x_wconf 77' lang='lat' dir='ltr'><strong>Apologia</strong></span> <span class='ocrx_word' id='word_1_305' title='bbox 475 2832 507 2884; x_wconf 93' lang='lat' dir='ltr'><strong>V.</strong></span> <span class='ocrx_word' id='word_1_306' title='bbox 525 2831 569 2882; x_wconf 78' lang='lat'><strong>33.</strong></span> <span class='ocrx_word' id='word_1_307' title='bbox 588 2834 615 2883; x_wconf 85' lang='lat'><strong>4.</strong></span> <span class='ocrx_word' id='word_1_308' title='bbox 659 2831 766 2883; x_wconf 78' lang='lat' dir='ltr'><strong>Veritas</strong></span> <span class='ocrx_word' id='word_1_309' title='bbox 789 2831 857 2883; x_wconf 86' lang='lat' dir='ltr'><strong>olim</strong></span> <span class='ocrx_word' id='word_1_310' title='bbox 875 2831 1027 2885; x_wconf 74' lang='lat' dir='ltr'><strong>interverto</strong></span> <span class='ocrx_word' id='word_1_311' title='bbox 1045 2824 1079 2895; x_wconf 61' lang='lat'><strong>1².</strong></span> 
     </span>
     <span class='ocr_line' id='line_1_35' title="bbox 62 2897 964 2969; baseline 0 -18"><span class='ocrx_word' id='word_1_312' title='bbox 62 2914 137 2957; x_wconf 78' lang='lat' dir='ltr'><strong>nune</strong></span> <span class='ocrx_word' id='word_1_313' title='bbox 154 2915 181 2950; x_wconf 82' lang='lat' dir='ltr'><strong>re</strong></span> <span class='ocrx_word' id='word_1_314' title='bbox 200 2897 284 2968; x_wconf 83' lang='lat' dir='ltr'><strong>effert</strong></span> <span class='ocrx_word' id='word_1_315' title='bbox 302 2907 330 2951; x_wconf 87' lang='lat' dir='ltr'><strong>et</strong></span> <span class='ocrx_word' id='word_1_316' title='bbox 346 2902 423 2952; x_wconf 85' lang='lat' dir='ltr'><strong>eelut</strong></span> <span class='ocrx_word' id='word_1_317' title='bbox 439 2901 496 2952; x_wconf 87' lang='lat' dir='ltr'><strong>alto</strong></span> <span class='ocrx_word' id='word_1_318' title='bbox 515 2898 645 2953; x_wconf 74' lang='lat' dir='ltr'><strong>barathro</strong></span> <span class='ocrx_word' id='word_1_319' title='bbox 664 2899 819 2952; x_wconf 82' lang='lat' dir='ltr'><strong>calumniae</strong></span> <span class='ocrx_word' id='word_1_320' title='bbox 839 2900 964 2969; x_wconf 83' lang='lat' dir='ltr'><strong>emergit.</strong></span> 
     </span>
    </p>
   </div>
   <div class='ocr_carea' id='block_1_9' title="bbox 64 2967 1031 3606">
    <p class='ocr_par' dir='ltr' id='par_1_13' title="bbox 64 2967 1031 3606">
     <span class='ocr_line' id='line_1_36' title="bbox 132 2967 1027 3052; baseline -0.006 -17"><span class='ocrx_word' id='word_1_321' title='bbox 132 2983 182 3036; x_wconf 85' lang='lat' dir='ltr'><strong>Vs.</strong></span> <span class='ocrx_word' id='word_1_322' title='bbox 200 2986 243 3034; x_wconf 81' lang='grc'><strong>41.</strong></span> <span class='ocrx_word' id='word_1_323' title='bbox 280 2967 397 3031; x_wconf 84' lang='lat' dir='ltr'><strong>Claudi</strong></span> <span class='ocrx_word' id='word_1_324' title='bbox 412 2967 510 3031; x_wconf 85' lang='lat' dir='ltr'><strong>olieui</strong></span> <span class='ocrx_word' id='word_1_325' title='bbox 527 2969 728 3032; x_wconf 81' lang='lat' dir='ltr'><strong>commodum</strong></span> <span class='ocrx_word' id='word_1_326' title='bbox 744 2971 776 3031; x_wconf 87' lang='lat' dir='ltr'><strong>in</strong></span> <span class='ocrx_word' id='word_1_327' title='bbox 793 2968 910 3052; x_wconf 87' lang='lat' dir='ltr'><strong>aliquo.</strong></span> <span class='ocrx_word' id='word_1_328' title='bbox 944 2985 1027 3036; x_wconf 77' lang='lat' dir='ltr'><strong>Duae</strong></span> 
     </span>
     <span class='ocr_line' id='line_1_37' title="bbox 65 3050 1026 3134; baseline -0.001 -30"><span class='ocrx_word' id='word_1_329' title='bbox 65 3058 131 3104; x_wconf 82' lang='lat' dir='ltr'><strong>sunt</strong></span> <span class='ocrx_word' id='word_1_330' title='bbox 148 3050 285 3103; x_wconf 84' lang='lat' dir='ltr'><strong>lectiones</strong></span> <span class='ocrx_word' id='word_1_331' title='bbox 306 3059 335 3103; x_wconf 90' lang='lat' dir='ltr'><strong>et</strong></span> <span class='ocrx_word' id='word_1_332' title='bbox 351 3054 601 3120; x_wconf 82' lang='lat' dir='ltr'><strong>interpretationes</strong></span> <span class='ocrx_word' id='word_1_333' title='bbox 619 3052 702 3104; x_wconf 79' lang='lat' dir='ltr'><strong>liuius</strong></span> <span class='ocrx_word' id='word_1_334' title='bbox 719 3052 784 3105; x_wconf 90' lang='lat' dir='ltr'><strong>loel.</strong></span> <span class='ocrx_word' id='word_1_335' title='bbox 820 3055 875 3106; x_wconf 81' lang='lat' dir='ltr'><strong>Alii</strong></span> <span class='ocrx_word' id='word_1_336' title='bbox 891 3053 1026 3134; x_wconf 80' lang='lat' dir='ltr'><strong>simpliei-</strong></span> 
     </span>
     <span class='ocr_line' id='line_1_38' title="bbox 64 3121 1026 3190; baseline 0 -18"><span class='ocrx_word' id='word_1_337' title='bbox 64 3127 111 3173; x_wconf 84' lang='lat' dir='ltr'><strong>ter</strong></span> <span class='ocrx_word' id='word_1_338' title='bbox 129 3121 272 3188; x_wconf 78' lang='lat' dir='ltr'><strong>accipiunt</strong></span> <span class='ocrx_word' id='word_1_339' title='bbox 290 3121 385 3173; x_wconf 80' lang='lat' dir='ltr'><strong>claudi</strong></span> <span class='ocrx_word' id='word_1_340' title='bbox 402 3136 455 3188; x_wconf 88' lang='lat' dir='ltr'><strong>pro</strong></span> <span class='ocrx_word' id='word_1_341' title='bbox 474 3130 655 3189; x_wconf 69' lang='lat' dir='ltr'><strong>perperene,</strong></span> <span class='ocrx_word' id='word_1_342' title='bbox 675 3124 826 3184; x_wconf 74' lang='lat' dir='ltr'><strong>reclusum,</strong></span> <span class='ocrx_word' id='word_1_343' title='bbox 851 3123 926 3174; x_wconf 74' lang='lat' dir='ltr'><strong>taetri</strong></span> <span class='ocrx_word' id='word_1_344' title='bbox 942 3137 1026 3190; x_wconf 85' lang='lat' dir='ltr'><strong>tmpe-</strong></span> 
     </span>
     <span class='ocr_line' id='line_1_39' title="bbox 65 3178 1029 3249; baseline 0.003 -10"><span class='ocrx_word' id='word_1_345' title='bbox 65 3178 193 3240; x_wconf 79' lang='lat' dir='ltr'><strong>irabilem</strong></span> <span class='ocrx_word' id='word_1_346' title='bbox 212 3206 276 3240; x_wconf 82' lang='lat' dir='ltr'><strong>erte.</strong></span> <span class='ocrx_word' id='word_1_347' title='bbox 312 3189 358 3242; x_wconf 84' lang='lat' dir='ltr'><strong>Sic</strong></span> <span class='ocrx_word' id='word_1_348' title='bbox 376 3206 452 3249; x_wconf 80' lang='lat' dir='ltr'><strong>omne</strong></span> <span class='ocrx_word' id='word_1_349' title='bbox 470 3190 636 3248; x_wconf 71' lang='lat' dir='ltr'><strong>eoronodum</strong></span> <span class='ocrx_word' id='word_1_350' title='bbox 654 3189 723 3242; x_wconf 81' lang='lat' dir='ltr'><strong>milei</strong></span> <span class='ocrx_word' id='word_1_351' title='bbox 740 3190 769 3242; x_wconf 83' lang='lat' dir='ltr'><strong>ire</strong></span> <span class='ocrx_word' id='word_1_352' title='bbox 787 3190 839 3244; x_wconf 87' lang='lat' dir='ltr'><strong>illo</strong></span> <span class='ocrx_word' id='word_1_353' title='bbox 853 3193 976 3243; x_wconf 67' lang='lat' dir='ltr'><strong>elaturum</strong></span> <span class='ocrx_word' id='word_1_354' title='bbox 988 3197 1029 3242; x_wconf 82' lang='lat' dir='ltr'><strong>ert</strong></span> 
     </span>
     <span class='ocr_line' id='line_1_40' title="bbox 64 3255 1029 3327; baseline 0.002 -19"><span class='ocrx_word' id='word_1_355' title='bbox 64 3255 154 3322; x_wconf 82' lang='lat' dir='ltr'><strong>foret,</strong></span> <span class='ocrx_word' id='word_1_356' title='bbox 181 3257 288 3309; x_wconf 89' lang='lat' dir='ltr'><strong>nullum</strong></span> <span class='ocrx_word' id='word_1_357' title='bbox 307 3258 342 3310; x_wconf 89' lang='lat' dir='ltr'><strong>ab</strong></span> <span class='ocrx_word' id='word_1_358' title='bbox 360 3275 394 3311; x_wconf 91' lang='lat' dir='ltr'><strong>eo</strong></span> <span class='ocrx_word' id='word_1_359' title='bbox 412 3256 481 3309; x_wconf 87' lang='lat' dir='ltr'><strong>nihi</strong></span> <span class='ocrx_word' id='word_1_360' title='bbox 507 3259 686 3311; x_wconf 79' lang='lat' dir='ltr'><strong>commodum</strong></span> <span class='ocrx_word' id='word_1_361' title='bbox 705 3267 748 3311; x_wconf 82' lang='lat' dir='ltr'><strong>est</strong></span> <span class='ocrx_word' id='word_1_362' title='bbox 766 3260 944 3327; x_wconf 80' lang='lat' dir='ltr'><strong>operandum.</strong></span> <span class='ocrx_word' id='word_1_363' title='bbox 980 3257 1029 3311; x_wconf 85' lang='lat' dir='ltr'><strong>Sio</strong></span> 
     </span>
     <span class='ocr_line' id='line_1_41' title="bbox 66 3326 1028 3394; baseline 0.003 -18"><span class='ocrx_word' id='word_1_364' title='bbox 66 3331 97 3376; x_wconf 85' lang='lat' dir='ltr'><strong>ot</strong></span> <span class='ocrx_word' id='word_1_365' title='bbox 114 3327 254 3394; x_wconf 85' lang='lat' dir='ltr'><strong>accipiunt</strong></span> <span class='ocrx_word' id='word_1_366' title='bbox 279 3327 308 3379; x_wconf 88' lang='lat' dir='ltr'><strong>in</strong></span> <span class='ocrx_word' id='word_1_367' title='bbox 322 3327 396 3387; x_wconf 76' lang='lat' dir='ltr'><strong>Eun.</strong></span> <span class='ocrx_word' id='word_1_368' title='bbox 416 3326 436 3378; x_wconf 93' lang='lat' dir='ltr'><strong>l.</strong></span> <span class='ocrx_word' id='word_1_369' title='bbox 459 3331 483 3379; x_wconf 88' lang='grc'><strong>2.</strong></span> <span class='ocrx_word' id='word_1_370' title='bbox 503 3331 544 3385; x_wconf 71' lang='grc'><strong>84.</strong></span> <span class='ocrx_word' id='word_1_371' title='bbox 584 3326 665 3386; x_wconf 73' lang='lat' dir='ltr'><strong>Nune</strong></span> <span class='ocrx_word' id='word_1_372' title='bbox 680 3327 738 3379; x_wconf 75' lang='lat' dir='ltr'><strong>eor</strong></span> <span class='ocrx_word' id='word_1_373' title='bbox 763 3344 850 3380; x_wconf 82' lang='lat' dir='ltr'><strong>ruram</strong></span> <span class='ocrx_word' id='word_1_374' title='bbox 870 3327 1028 3394; x_wconf 67' lang='lat' dir='ltr'><strong>benignitu-</strong></span> 
     </span>
     <span class='ocr_line' id='line_1_42' title="bbox 66 3393 1029 3467; baseline 0.001 -22"><span class='ocrx_word' id='word_1_375' title='bbox 66 3401 121 3445; x_wconf 84' lang='lat' dir='ltr'><strong>tem</strong></span> <span class='ocrx_word' id='word_1_376' title='bbox 131 3393 239 3447; x_wconf 76' lang='lat' dir='ltr'><strong>remitti</strong></span> <span class='ocrx_word' id='word_1_377' title='bbox 251 3395 281 3447; x_wconf 83' lang='lat' dir='ltr'><strong>in</strong></span> <span class='ocrx_word' id='word_1_378' title='bbox 292 3402 318 3447; x_wconf 85' lang='lat' dir='ltr'><strong>te</strong></span> <span class='ocrx_word' id='word_1_379' title='bbox 333 3394 478 3449; x_wconf 80' lang='lat' dir='ltr'><strong>claudier?</strong></span> <span class='ocrx_word' id='word_1_380' title='bbox 496 3408 565 3467; x_wconf 78' lang='lat' dir='ltr'><strong>erga</strong></span> <span class='ocrx_word' id='word_1_381' title='bbox 578 3403 607 3449; x_wconf 84' lang='lat' dir='ltr'><strong>te</strong></span> <span class='ocrx_word' id='word_1_382' title='bbox 622 3412 676 3447; x_wconf 91' lang='lat' dir='ltr'><strong>non</strong></span> <span class='ocrx_word' id='word_1_383' title='bbox 689 3403 795 3463; x_wconf 85' lang='lat' dir='ltr'><strong>patere.</strong></span> <span class='ocrx_word' id='word_1_384' title='bbox 822 3397 910 3465; x_wconf 64' lang='lat' dir='ltr'><strong>ldque,</strong></span> <span class='ocrx_word' id='word_1_385' title='bbox 925 3395 1029 3457; x_wconf 75' lang='lat' dir='ltr'><strong>contir-</strong></span> 
     </span>
     <span class='ocr_line' id='line_1_43' title="bbox 65 3463 1030 3523; baseline 0.001 -8"><span class='ocrx_word' id='word_1_386' title='bbox 65 3468 144 3523; x_wconf 78' lang='lat' dir='ltr'><strong>mtut</strong></span> <span class='ocrx_word' id='word_1_387' title='bbox 169 3463 330 3518; x_wconf 85' lang='lat' dir='ltr'><strong>imitatione</strong></span> <span class='ocrx_word' id='word_1_388' title='bbox 349 3467 406 3517; x_wconf 82' lang='lat' dir='ltr'><strong>Cio.</strong></span> <span class='ocrx_word' id='word_1_389' title='bbox 427 3464 476 3516; x_wconf 87' lang='lat' dir='ltr'><strong>lib.</strong></span> <span class='ocrx_word' id='word_1_390' title='bbox 496 3466 531 3521; x_wconf 86' lang='lat' dir='ltr'><strong>ll.</strong></span> <span class='ocrx_word' id='word_1_391' title='bbox 557 3465 591 3517; x_wconf 87' lang='lat' dir='ltr'><strong>de</strong></span> <span class='ocrx_word' id='word_1_392' title='bbox 618 3463 700 3517; x_wconf 78' lang='lat' dir='ltr'><strong>otoo.</strong></span> <span class='ocrx_word' id='word_1_393' title='bbox 724 3467 764 3517; x_wconf 80' lang='lat'><strong>15.</strong></span> <span class='ocrx_word' id='word_1_394' title='bbox 803 3463 863 3518; x_wconf 84' lang='lat' dir='ltr'><strong>Nee</strong></span> <span class='ocrx_word' id='word_1_395' title='bbox 886 3467 927 3522; x_wconf 78' lang='lat' dir='ltr'><strong>itu</strong></span> <span class='ocrx_word' id='word_1_396' title='bbox 951 3467 1030 3519; x_wconf 49' lang='lat' dir='ltr'><strong>elaea</strong></span> 
     </span>
     <span class='ocr_line' id='line_1_44' title="bbox 66 3530 1031 3606; baseline 0.002 -23"><span class='ocrx_word' id='word_1_397' title='bbox 66 3530 156 3585; x_wconf 82' lang='lat' dir='ltr'><strong>denda</strong></span> <span class='ocrx_word' id='word_1_398' title='bbox 168 3548 212 3584; x_wconf 84' lang='lat' dir='ltr'><strong>rer</strong></span> <span class='ocrx_word' id='word_1_399' title='bbox 223 3532 441 3606; x_wconf 80' lang='lat' dir='ltr'><strong>estfaneiliarie,</strong></span> <span class='ocrx_word' id='word_1_400' title='bbox 459 3541 494 3585; x_wconf 82' lang='lat' dir='ltr'><strong>ut</strong></span> <span class='ocrx_word' id='word_1_401' title='bbox 505 3549 563 3587; x_wconf 86' lang='lat' dir='ltr'><strong>eum</strong></span> <span class='ocrx_word' id='word_1_402' title='bbox 577 3531 734 3600; x_wconf 73' lang='lat' dir='ltr'><strong>benignitus</strong></span> <span class='ocrx_word' id='word_1_403' title='bbox 748 3532 858 3602; x_wconf 84' lang='lat' dir='ltr'><strong>aperire</strong></span> <span class='ocrx_word' id='word_1_404' title='bbox 867 3552 922 3591; x_wconf 80' lang='lat' dir='ltr'><strong>aon</strong></span> <span class='ocrx_word' id='word_1_405' title='bbox 932 3532 1031 3602; x_wconf 61' lang='lat' dir='ltr'><strong>poerit,</strong></span> 
     </span>
    </p>
   </div>
   <div class='ocr_carea' id='block_1_10' title="bbox 66 3598 1031 3682">
    <p class='ocr_par' dir='ltr' id='par_1_14' title="bbox 66 3598 1031 3682">
     <span class='ocr_line' id='line_1_45' title="bbox 66 3598 1031 3682; baseline 0.011 -30"><span class='ocrx_word' id='word_1_406' title='bbox 66 3598 366 3682; x_wconf 46' lang='lat' dir='ltr'><strong>appresentaro,</strong></span> <span class='ocrx_word' id='word_1_407' title='bbox 385 3608 429 3666; x_wconf 75' lang='lat' dir='ltr'><strong>,nt</strong></span> <span class='ocrx_word' id='word_1_408' title='bbox 447 3601 719 3679; x_wconf 54' lang='lat' dir='ltr'><strong>praeteriretur„</strong></span> <span class='ocrx_word' id='word_1_409' title='bbox 740 3603 796 3673; x_wconf 63' lang='lat' dir='ltr'><strong>elii</strong></span> <span class='ocrx_word' id='word_1_410' title='bbox 813 3611 941 3673; x_wconf 74' lang='lat' dir='ltr'><strong>utroque</strong></span> <span class='ocrx_word' id='word_1_411' title='bbox 964 3603 1031 3676; x_wconf 76' lang='lat' dir='ltr'><strong>leto</strong></span> 
     </span>
    </p>
   </div>
   <div class='ocr_carea' id='block_1_11' title="bbox 0 0 1173 4080">
    <p class='ocr_par' dir='ltr' id='par_1_15' title="bbox 0 0 1173 4080">
     <span class='ocr_line' id='line_1_46' title="bbox 0 0 1173 4080; baseline 0 0"><span class='ocrx_word' id='word_1_412' title='bbox 0 0 1173 4080; x_wconf 95' lang='lat' dir='ltr'><strong> </strong></span> 
     </span>
    </p>
   </div>
  </div>
 </body>
</html>
