2304 4080
186 198 590 299 murmurantia
610 237 731 299 ..un
752 254 795 297 u.
815 241 842 297 r.
919 241 985 297 uu

8 402 180 475 mussan
196 419 295 457 usuras
312 411 364 457 aut
378 404 545 485 quincunces
567 402 763 466 suessanae,
793 411 845 456 aut
864 403 890 456 ss'
913 419 984 472 quoe
1004 415 1052 467 1⁸5

11 473 98 531 aliae
117 472 242 534 leuiores,
257 473 287 526 s'ss
305 473 453 541 presencia
466 474 693 543 frequentarem.
734 470 844 533 Bessus,
870 479 934 524 octo
952 472 999 523 in·
1036 478 1041 487 '

14 551 147 596 centum.
183 541 241 593 Cic.
266 542 302 592 ad
324 545 382 594 Ast.
406 542 455 593 lib.
475 543 523 596 lv.
544 556 593 610 op.
613 543 653 594 15.
679 539 720 610 [5.
735 539 774 610 1.]
816 539 925 592 Faenus
947 554 983 592 es

12 606 141 671 niens,
156 607 245 663 ididas
264 609 435 673 Quintilibus
446 610 560 680 facturn
575 608 780 662 cretensibus.
805 605 832 659 h.
851 606 981 675 adopto

14 678 124 731 maius.
160 676 232 728 Nam
250 679 370 729 trientes
389 683 522 744 quattuor
539 679 569 729 io
593 684 706 731 centum
722 677 819 729 besses
837 682 903 728 octo
921 676 981 728 exi·

13 751 106 816 gunt3
126 745 296 811 quadrantes
313 753 373 797 tres
390 746 419 796 in
438 755 558 797 centum.
577 745 611 797 L.
625 747 668 796 21.
687 744 716 796 ff.
736 745 770 796 de
788 745 886 794 annuis
904 742 980 813 lega·

12 815 57 866 tis
84 818 114 864 et
136 811 205 863 fidei
224 815 396 866 commissis:
428 814 590 876 Pecuniam,
621 829 703 881 pssum
731 811 807 865 Titio
832 811 929 863 liberto
954 819 982 863 et

15 883 134 935 alumne
154 895 211 932 meo
229 880 336 949 legavi,
365 898 420 934 esse
442 884 609 950 uolo'penes
636 881 717 934 Puer.
739 878 878 933 Maeuium
894 895 981 947 usque

14 949 59 1002 sd
75 962 176 1000 annuns
193 947 355 1015 vigesimum
372 949 471 1003 aetatis
489 949 559 1014 eius,
573 965 682 1019 proque
699 965 731 1001 es
749 946 906 1016 consputare·
918 963 980 1000 cuns

15 1034 51 1071 eo
70 1015 236 1084 quadrantes
248 1033 354 1069 usuras.
390 1019 491 1070 Uncias
505 1033 604 1071 usuras
617 1022 710 1071 'unum
723 1017 753 1068 in
763 1024 883 1069 centum.
907 1015 979 1085 Lag.

15 1085 131 1138 Titium
148 1082 179 1136 ff.
199 1085 233 1135 de
246 1085 492 1139 administratione
503 1087 654 1139 Tutorem:
677 1085 786 1150 Quaero
803 1084 829 1136 ss'
842 1099 978 1165 apparue-

13 1152 61 1206 rit
74 1151 195 1222 pecunia
206 1153 357 1224 foenerata
375 1153 525 1219 tutoribus,
556 1154 659 1206 iudicio
678 1155 782 1206 tutelae
800 1168 896 1204 annau
914 1166 977 1219 usu·

12 1234 82 1287 ras,
115 1236 151 1272 au
174 1236 237 1272 nero
262 1238 322 1286 eas,
354 1238 421 1290 quus
444 1222 574 1291 stipulati
593 1230 670 1285 sunt,
697 1228 840 1290 praestare
858 1221 979 1273 debeant.

13 1286 90 1343 lude
110 1294 140 1340 et
156 1290 302 1341 unciarum
319 1289 421 1343 foenus
436 1298 465 1343 et
482 1293 697 1344 semunciarum.
737 1288 779 1341 Ne
801 1289 869 1356 quis·
882 1288 978 1341 uncia-

14 1357 65 1411 rio
76 1357 196 1430 foenore
214 1359 331 1425 anepiius
348 1367 497 1411 exerceret.
531 1359 596 1412 Vid.
616 1360 684 1412 'l'ec
704 1360 772 1411 Anu.
792 1358 842 1412 vl:
857 1372 917 1424 cap.
929 1357 978 1410 -16,

15 1425 86 1479 Lir.
104 1425 153 1476 lib.
174 1426 314 1494 Vll.'cap.
332 1430 374 1479 2¹1.
414 1427 479 1479 'I's‘to
500 1425 610 1479 Manlio
638 1427 779 1495 Torquato
806 1425 836 1477 i).
853 1425 978 1478 ¹Plautio

16 1510 85 1548 coss.
108 1493 321 1545 semunciarium
341 1502 448 1547 tanturn
466 1512 500 1549 ex
523 1494 651 1549 unciario
692 1511 774 1548 oenus
790 1495 906 1567 sactum
929 1500 976 1563 est,

14 1563 67 1617 Sic
86 1563 173 1613 etiam
190 1568 246 1612 tem
268 1580 300 1614 us
313 1562 533 1643 distinguebant.
568 1564 641 1616 Plio.
656 1563 705 1615 hb.
720 1565 755 1615 ΙΙ.
769 1580 830 1631 cap.
846 1565 887 1615 14.
902 1560 976 1631 [cap.

16 1628 76 1700 ll.]
113 1628 221 1682 [sunaus
247 1578 323 1682 daut
345 1629 455 1684 dubuem
479 1640 521 1685 est
543 1635 636 1685 lucere
659 1633 803 1685 dodrantes
826 1628 977 1684 semuncias

15 1697 149 1752 iterarunt
172 1698 205 1749 ab
229 1700 349 1752 secunda
373 1699 548 1754 adiicientesn
572 1716 658 1769 usqne
680 1701 719 1752 ad
737 1703 850 1768 pienum
876 1698 977 1760 orbem,

16 1765 262 1834 detrahentemque
276 1767 307 1820 in
328 1767 542 1823 dirninuts'onesn.
567 1768 594 1821 h.
613 1785 638 1822 a.
658 1785 758 1821 norem
777 1775 871 1836 partes
889 1766 976 1820 horae

15 1840 82 1902 (seu
99 1842 132 1887 ut
148 1851 198 1901 nos
216 1843 410 1904 computamus
431 1838 531 1907 vulgo,
548 1845 608 1891 tres
627 1845 722 1905 partes
740 1836 790 1890 brit
805 1837 928 1904 quartat)
944 1840 976 1889 et

16 1905 135 1971 insuper
152 1911 281 1971 quartam
307 1911 336 1957 et
352 1907 515 1961 elcesimam
534 1905 621 1959 horae
644 1912 773 1974 partem,
799 1919 849 1957 seu
874 1917 975 1955 aorem

17 1971 116 2024 uncias
127 1978 156 2023 et
168 1972 314 2025 dimidiam
327 1974 479 2039 decimam3
493 1991 557 2028 nam
571 1975 714 2026 semuncia
726 1974 864 2039 vigesima
874 1973 975 2040 quarta

15 2055 86 2108 pars
102 2039 131 2090 in
149 2055 226 2104 asae,
258 2043 306 2109 qui
327 2040 372 2095 hic
396 2050 440 2095 est
457 2041 536 2095 hora.
573 2041 720 2094 Columeil.
740 2041 788 2092 lib.
807 2041 842 2092 ΙΙ.
869 2056 929 2107 csp.
949 2043 975 2093 4.

19 2106 77 2160 aet
92 2105 221 2176 iugerum
238 2109 303 2161 tutis
321 2110 388 2177 agri
405 2119 538 2179 qrtanuor
550 2109 639 2178 operis
649 2110 810 2178 expeditur,
827 2123 892 2160 nass
905 2123 974 2165 cans·

15 2175 98 2228 mode
112 2177 301 2244 proseinditur
320 2178 437 2242 duabus,
455 2178 662 2241 anniteretur,
682 2177 817 2230 tertiatur
832 2177 975 2241 dodrante,
994 2173 1042 2229 tat

15 2243 48 2297 s‘n
67 2244 145 2296 titana
163 2245 274 2312 auidam
286 2247 380 2298 statim
398 2246 439 2316 [in
450 2247 533 2299 liram
546 2245 653 2316 satum]
667 2245 809 2313 redigitur
820 2245 975 2312 quadrasis

18 2329 108 2381 opere.
150 2312 320 2366 Dodruntern
345 2331 444 2384 operae
467 2315 542 2367 dixit
571 2331 623 2382 pro
648 2315 740 2368 tribus
763 2314 975 2382 partibus-diei

15 2379 195 2447 artificialis,
225 2381 278 2435 hoc
296 2390 355 2446 est,
380 2400 481 2436 novem
498 2382 586 2435 horis.
621 2383 750 2450 Denique
769 2384 868 2434 Cicero
886 2383 974 2433 etiam
994 2420 998 2425 .

16 2448 141 2503 aedificii
163 2450 329 2503 dodrantem
354 2453 428 2504 dixit
450 2453 487 2504 ad
510 2454 569 2504 att.
592 2451 642 2503 lih.
660 2450 681 2503 1.
705 2466 750 2518 ep.
769 2453 810 2503 14.
856 2447 976 2513 Quintus

11 2517 110 2590 frater
126 2517 286 2587 Argiletani
303 2519 429 2590 aedificii
452 2519 593 2588 reliquum
611 2520 768 2572 dodrantem
792 2517 858 2570 emit
878 2525 973 2570 sester-
1074 2532 1080 2540 ·

16 2586 86 2639 tium
104 2603 242 2640 nummum
258 2588 438 2657 septingentis
454 2588 559 2658 uiginti
575 2589 698 2656 quiesque
715 2585 847 2641 suillibus.

84 2654 137 2718 De
159 2657 310 2720 demenso
331 2680 391 2721 suo
414 2657 534 2742 aliquid
556 2679 777 2740 corapareere,
799 2668 918 2733 hoc’est,
937 2669 974 2721 de

13 2754 123 2791 summe
140 2742 307 2793 necessariis
325 2743 361 2794 ad
379 2743 502 2805 victum,
526 2742 562 2794 de
581 2742 714 2794 diuturno
733 2741 818 2792 victu.
855 2737 972 2790 Demen-

12 2814 72 2860 'suru
90 2813 152 2857 erat
168 2810 282 2875 proprie
305 2825 438 2862 numerus
464 2809 615 2874 frumenti,
646 2809 722 2877 quod
744 2807 973 2860 admetiebaatu's
1036 2862 1039 2869 ,

14 2875 124 2927 domini
140 2877 230 2928 servis
249 2893 301 2943 pro
318 2879 469 2930 alimentis.
505 2879 551 2931 sie
568 2878 661 2930 Plaut.
682 2875 887 2930 scientae.
920 2873 973 2927 Vas

12 2940 190 3005 sternutantis,
217 2953 285 3010 quot
303 2946 431 2998 Calendis
445 2953 540 3014 petere
563 2947 714 2998 dmsensurn
733 2944 832 2997 eidam.
867 2942 973 2995 Donat.

13 3016 167 3080 quaternos
185 3012 296 3063 medios
313 3013 400 3065 fuisse
418 3015 476 3077 ait,
493 3015 600 3067 Senem
617 3015 731 3067 ridetur
747 3012 843 3065 {acero
861 3012 972 3078 qainon,

14 3081 97 3147 epist.
117 3079 233 3130 LXXX.
253 3083 293 3132 Π.
330 3080 387 3134 tus
404 3082 454 3150 qus·
469 3081 501 3135 s‘rs
515 3099 598 3136 scena
614 3085 706 3135 etatae
729 3080 833 3135 mandit
855 3087 885 3131 et
906 3079 973 3132 daec

15 3145 162 3214 resupinus
182 3147 267 3199 dicit:
646 3174 650 3181 ·
884 3152 899 3199 '.
940 3174 969 3197 ,ι

117 3215 166 3273 Eu,
180 3216 283 3284 impero
299 3216 399 3285 Argis,
418 3233 507 3286 regna
524 3217 592 3270 mitri
611 3216 697 3286 liquit
710 3216 831 3287 Pelops:

12 3298 105 3337 sersus
121 3291 173 3349 est,
192 3285 314 3355 quinque
332 3285 568 3356 medicamina,
590 3288 620 3339 in
635 3300 761 3348 mensem
779 3292 856 3354 puta.
880 3284 972 3335 -Cete-

13 3368 77 3405 rum
106 3361 197 3420 quam'
212 3370 313 3423 parum
338 3352 392 3406 hoc
413 3353 516 3420 fuerit,
546 3355 655 3407 indicat
678 3355 765 3425 etiam
796 3354 875 3421 ld'cus
893 3351 973 3417 §ait

14 3419 116 3490 uragu
134 3421 164 3489 ns
183 3428 256 3495 orus.
273 3423 322 3475 aa.
340 3424 389 3475 m.
407 3423 446 3476 m.
461 3418 581 3489 ruinis:
602 3410 707 3507 urrisu
725 3420 975 3495 rspepsuaua'uu

12 3487 285 3559 frumentaria'iege
301 3492 398 3546 munia
410 3484 692 3563 nestrupeusupsapt
707 3439 785 3569 &aa
802 3478 893 3559 tardent
931 3484 978 3559 tudo

16 3556 59 3609 sss's
75 3557 172 3637 modiis
190 3558 481 3635 titer'tatesnlorausjune
499 3548 691 3633 meanidde're',
707 3575 757 3629 aus
775 3548 911 3639 tfdfldr'
941 3560 976 3608 dn

13 3616 423 3698 fflpoitutst'ats'rtddffl
431 3618 978 3687 emedttrhdsternu'tutsstttntne

695 3482 705 3511 δ

694 3528 704 3559 3
750 3552 758 3573 s
