2304 4080
88 252 92 256 ·
151 215 900 285 letemur..2eenemt..zsenutsuee
957 220 1005 279 tle
1108 258 1115 275 .

117 432 120 437 ·
146 412 149 417 ’
178 442 180 449 -
215 416 273 459 .:·-¹=
300 407 462 458 “nr-eet.
482 390 519 453 tv·
559 394 607 452 100·
628 378 692 451 8i'‘;
714 388 793 455 niti
900 446 904 452 ,

65 500 720 651 Ἥῗῦοπμᾱξΰκαὴῗιῐιξᾶτοψῗίτ,
734 500 1013 643 upqotoepopig

60 588 1011 780 enrrnnnn.nn.¹..5.....rpetnnnemez

60 720 106 801 ir
152 727 314 797 omnim,
331 726 630 798 recisamentis-³,
704 716 1062 799 Manuteeeulmii·

99 788 125 865 ,ᾗ
168 832 185 866 .,
205 796 264 853 Tra
308 796 371 861 otio
384 794 595 867 est.;deinmptn
607 793 1015 865 u·sulsnmentio,*qpsp,vep·3

60 860 431 939 orundoproliiufiuut.,..,
489 896 493 909 ·
533 885 537 896 ·
578 903 583 915 ,
765 922 769 930 ,

112 1104 163 1190 Vl.
181 1134 223 1188 80.
258 1118 371 1182 Fidem
392 1119 468 1182 dure
488 1120 532 1181 ita
549 1118 703 1198 futurum.
734 1092 1016 1203 Freqffefii'uesse'ni‘

60 1221 82 1260 o
106 1218 159 1273 pro
196 1200 350 1264 remittere,
371 1201 509 1270 polliceri.
545 1200 600 1272 [Cf.
618 1200 727 1254 Ruhnk.
752 1203 789 1255 ad
812 1205 918 1270 Hecyr.
932 1205 954 1256 1.
972 1206 999 1255 2.

60 1277 81 1328 l.
110 1272 167 1325 FR.
216 1271 262 1325 Sic
283 1272 397 1341 indrg.
415 1271 500 1323 Andr.
518 1287 559 1347 vs.
573 1272 598 1322 3.
637 1270 812 1338 Gravidaque
824 1273 926 1344 facta,
952 1272 1003 1323 dat

60 1341 141 1405 dm,
160 1356 275 1392 uxorem
287 1338 340 1392 sibi
348 1339 417 1410 fore
433 1339 513 1392 bane.
537 1340 566 1392 in
580 1342 646 1406 Arg.
661 1338 778 1406 Adelph.
797 1357 836 1391 ts.
852 1341 877 1392 9.
902 1339 1000 1391 Fidem

60 1409 172 1482 edant,
189 1407 260 1460 iane
276 1407 329 1460 sibi
347 1423 461 1459 uxorem
471 1407 550 1478 sore.
585 1405 701 1472 Adelph.
716 1407 765 1458 lll.
783 1410 808 1458 4.
827 1410 869 1461 23.
902 1407 999 1460 Fidem

60 1468 112 1531 an's
135 1476 301 1544 intransque,
325 1493 353 1528 se
376 1475 456 1528 illam
476 1476 620 1538 ducturum
638 1474 753 1526 domum.
788 1476 859 1528 Heu.
871 1476 893 1528 1.
912 1479 937 1527 2.
955 1477 999 1527 et.

60 1546 74 1599 i
93 1544 168 1598 mint
205 1545 337 1626 domnius,
355 1550 380 1594 te
394 1543 557 1604 tumueram,
575 1543 671 1594 dicant.
698 1544 754 1624 (Jic.
772 1542 838 1595 lam.
854 1559 897 1626 ep.
913 1544 963 1596 lib.
977 1545 999 1596 1.

60 1610 999 1749 33...,3333333.53335335333333333.33331

60 1755 81 1803 l.
115 1749 159 1802 De
172 1748 321 1818 Dionysio,
337 1747 363 1799 si
374 1763 415 1800 me
428 1763 517 1811 amas,
534 1748 652 1870 coepte.-
672 1765 863 1818 quamcunque
877 1747 905 1801 ei
912 1750 1000 1820 fidem

60 1817 166 1900 nimis,
186 1817 340 1886 praestabo.
372 1817 392 1867 i.
408 1830 432 1868 e.
451 1817 568 1885 quidqui
609 1818 636 1869 ei
656 1817 801 1885 pollicitus
828 1816 917 1871 fueris
934 1833 999 1870 meo

60 1900 166 1942 nmine.

111 1970 161 2025 vs.
178 1971 220 2023 46.
256 1952 467 2037 Suppeditere
484 1940 619 2025 elieuius
635 1955 737 2016 amori
751 1955 821 2017 sine
839 1975 897 2018 suo
914 1976 1000 2017 sum·
1064 1990 1066 1997 π
1093 1988 1095 1993 ⁷

60 2052 117 2118 lu,
145 2052 199 2107 hoc
224 2058 284 2116 est,
307 2054 417 2106 abunde
435 2054 522 2107 alieni
543 2069 604 2106 esse
622 2055 658 2106 ad
676 2053 824 2120 alendum,
848 2054 884 2107 ad
902 2053 999 2123 loven·

60 2138 112 2176 um
130 2137 256 2176 umorem
280 2138 360 2174 uuum
382 2123 516 2190 impensis
538 2122 647 2174 alienis.
682 2123 807 2175 Verbum
824 2122 999 2191 suppeditare
1023 2180 1025 2187 .

60 2192 184 2261 :cipitur
201 2189 247 2242 hic
262 2189 429 2243 neutraliter
447 2199 475 2242 et
492 2192 608 2259 ponitur
621 2191 681 2242 sine
695 2191 871 2262 acpusativo,
890 2191 938 2258 qui
955 2195 999 2255 est

60 2260 177 2328 roprius
195 2275 275 2311 casus
293 2260 372 2310 verbi
391 2260 487 2311 activi.
517 2259 575 2311 Cic.
594 2258 628 2309 ll.
647 2259 676 2308 in
694 2259 777 2310 eatil.
796 2275 857 2326 cap.
871 2263 910 2311 ll.
945 2258 1002 2310 Sed

63 2367 73 2395 ,
96 2327 204 2380 omissis
220 2327 261 2379 luis
279 2326 356 2378 rebus
370 2327 505 2389 omnibus,
524 2326 621 2395 quibus
638 2343 686 2379 nos
702 2328 917 2396 suppeditumno,
936 2333 1001 2394 eget

60 2399 101 2451 le.
128 2395 161 2451 id
179 2402 237 2460 est,
262 2395 363 2475 quibus
381 2395 563 2447 abundemus.
598 2396 645 2448 Sic
663 2394 728 2447 lum.
748 2411 791 2464 ep.
809 2396 858 2447 lib.
870 2396 932 2450 Vll.
953 2410 997 2464 ep.

60 2468 82 2519 3.
122 2463 165 2517 An
182 2464 233 2517 ltoa
251 2463 409 2533 significas,
427 2463 500 2517 nibil
509 2460 601 2534 fleri?
620 2463 670 2537 fri
691 2481 737 2515 ere
761 2465 806 2516 te?
823 2482 856 2516 ne
873 2465 999 2517 obortam
1014 2466 1050 2520 tt

60 2532 225 2591 uidemtibi
239 2533 434 2600 suppeditare?
465 2533 496 2585 ln
522 2532 623 2602 fragm.
644 2548 660 2583 o
678 2533 781 2584 ationis
802 2548 854 2600 pro
876 2532 999 2586 Scauro:

60 2602 176 2671 Indique
194 2598 263 2652 milti
285 2601 457 2670 suppeditat,
481 2602 557 2669 quod
574 2617 628 2670 pro
650 2599 747 2653 Marco
769 2600 874 2653 Scauro
899 2601 999 2663 dicam,

60 2686 209 2737 uacunque
231 2686 285 2722 non
307 2671 383 2721 modo
406 2685 498 2734 mens,
522 2686 616 2722 aerum
637 2668 720 2721 etiam
741 2668 819 2721 oculi
838 2668 998 2722 inciderint.

60 2738 97 2794 Ui.
117 2737 227 2792 Ruhnk.
246 2737 281 2790 ad
298 2738 385 2791 Rutil.
404 2739 475 2807 Lup.
495 2755 558 2808 pag.
575 2739 640 2801 168,
659 2753 683 2788 a.
703 2737 747 2790 ed.
767 2752 857 2791 meae.
886 2736 955 2807 FR.]
989 2778 991 2787 .

110 2838 160 2893 Vs.
177 2839 220 2891 53.
257 2823 434 2887 Comedere
456 2822 594 2909 aliquem
617 2855 706 2908 aeque
730 2838 874 2908 eleganter
894 2839 1000 2894 Latina

60 2918 73 2963 e
92 2906 247 2981 vprnucule
261 2906 358 2977 lingua
372 2908 489 2972 dicitur,
508 2909 657 2961 absumere
671 2909 746 2960 bone
758 2908 891 2971 alicuius,
909 2909 999 2961 maxi·
1109 2904 1114 2919 '

60 2992 89 3031 ιο
108 2976 235 3042 sumptui
252 2990 312 3027 esse
330 2976 423 3028 elicui.
459 2977 506 3030 Sic
523 2977 614 3030 Plaut.
633 2976 758 3029 Mostell.
772 2978 793 3028 l.
814 2978 836 3028 l.
857 2978 898 3028 11.
933 2975 999 3039 Sina

60 3045 121 3099 ndo
144 3042 274 3096 adaemat
291 3061 388 3108 senex,
415 3044 473 3097 sine
494 3047 571 3098 inodo
595 3044 689 3098 aenire
713 3046 830 3107 saluom,
857 3061 936 3112 quem
953 3045 1009 3109 ab,

60 3120 145 3167 entem
163 3128 258 3166 eomes.
293 3112 394 3165 Pseud.
407 3112 455 3168 lv.
473 3116 498 3164 t.
517 3115 559 3165 25.
588 3112 650 3166 lam
667 3115 825 3166 admordere
843 3112 915 3167 bunc
932 3113 1001 3166 milri

60 3181 128 3235 ubet.
164 3181 192 3234 S.
218 3178 315 3232 lamna
335 3179 417 3234 illum
438 3197 592 3234 eanwsurus
610 3184 656 3235 es?-
685 3183 718 3234 B.
744 3182 819 3235 Dum
836 3198 930 3235 reeens
951 3190 1000 3246 est,
1075 3214 1080 3219 —

60 3250 109 3311 um
126 3249 225 3313 datur,
243 3249 306 3300 dam
323 3251 409 3312 calet,
431 3249 557 3303 deuorari
573 3251 656 3304 decet.
693 3252 739 3305 Sio
757 3251 843 3303 etiam
862 3252 1000 3304 comedere

60 3334 133 3384 Ἰωιιι,
152 3316 360 3386 patrimonium.
396 3319 526 3386 Ciupr'o
544 3319 645 3372 Flacco
669 3336 729 3388 eap.
746 3319 788 3372 36.
827 3319 914 3384 Quasi
931 3319 1001 3374 bona

61 3403 162 3442 amesae
177 3386 279 3438 Romae
295 3404 349 3440 non
367 3385 472 3440 liceret.
497 3402 549 3455 pro
566 3389 663 3442 Sextio
682 3405 742 3456 cup.
756 3388 798 3438 52.
837 3389 933 3441 Utrum
948 3406 962 3440 e
984 3405 999 3440 o

60 3455 98 3509 iii
107 3453 307 3524 patrimonium
319 3455 425 3525 eripui,
446 3455 536 3520 Gelli,
555 3473 591 3509 an
604 3464 634 3508 tu
647 3456 804 3509 aoanedisti?
829 3455 951 3527 Philipp.
960 3405 999 3510 il.

60 3542 106 3594 ap.
125 3527 165 3577 14.
198 3522 312 3577 Corruiteo
329 3541 392 3578 aero
408 3523 538 3589 Antonii,
555 3525 607 3594 qui
618 3533 764 3594 postquam
782 3524 915 3597 beneficia
933 3525 999 3579 Cas-

60 3592 117 3647 aris
136 3592 322 3661 comederant,
341 3596 478 3650 romulum
496 3594 667 3664 designatum
685 3594 812 3648 obsident.
986 3590 988 3599 ’
