2304 4080
28 260 95 317 ,56
203 256 330 319 .-·10.
349 253 633 323 aaaaonevn
652 253 789 317 NOTAE

54 432 206 477 meracam
240 424 291 477 etri
308 423 440 477 Hetraree'
476 422 628 475 aieeerant.
638 420 728 474 Ι’10666
747 420 846 472 rimare
864 417 1004 473 ananim
1033 414 1048 467 1

55 491 177 546 alieaiae
217 493 285 545 1666.
304 494 424 543 Marcet.
441 441 520 542 lis.
537 491 564 543 6.
587 489 647 544 ’Ite
667 489 736 542 mila
756 490 831 540 mala
854 503 897 539 res
915 486 1005 539 adiici·
1034 500 1048 563 ξ

55 570 103 607 rer
113 559 226 625 aliqua,
243 555 353 609 ianam·
378 572 430 609 aee
441 571 530 609 666666
545 556 700 625 comprimit
715 554 867 609 consiliam.
890 554 910 606 i.
926 569 953 606 e.
970 555 1004 607 ia·
1035 566 1048 603 ιΙ

54 619 135 705 hisee
156 630 244 705 atqua
267 572 401 695 impedit3
427 627 574 693 quominus
591 625 623 677 id
640 624 757 692 exsequi
779 624 894 693 possim.
933 621 1006 702 Coer-
1038 634 1048 671 6

51 707 173 761 premere
192 707 311 745 animam
334 698 378 744 est
394 694 540 745 6666616666
556 693 702 760 spiritum,
720 708 776 744 non
793 692 956 758 respirare,
978 704 1005 745 m
1039 703 1048 737 ι

54 758 170 879 Phor-md
180 759 214 814 V.
233 761 257 813 6.
274 761 316 813 29.
334 760 476 825 6666661,
500 760 611 813 adstiti:
635 759 754 813 animam
771 758 933 828 compressi,
959 773 1005 812 ea·
1038 759 1048 821 1

54 843 114 881 rem
132 844 149 880 e
169 843 246 879 mors.

123 911 172 966 vs.
189 914 232 962 42.
267 893 427 959 Relictam
454 918 525 961 esse
553 894 651 960 alicui
678 895 853 961 arrhaboni
872 916 919 963 ese
944 909 1007 962 reli-

56 986 133 1034 etum
151 993 213 1030 esse
224 994 276 1046 pro
291 978 405 1042 obside,
422 995 473 1047 pro
489 981 516 1048 p'
538 994 616 1032 nore.
645 979 748 1033 616261.
761 981 830 1033 Cato
844 979 921 1046 apud
936 978 1008 1031 Gall

56 1047 105 1100 lib.
118 1047 207 1100 XVll.
226 1062 286 1114 cap.
300 1050 325 1097 2.
343 1045 407 1116 [sub
423 1048 473 1099 fin.
532 1050 584 1099 'am
598 1055 690 1101 tentas
702 1047 820 1101 6666666
834 1064 917 1116 peaes
932 1048 1008 1101 Soa·

46 1115 242 1237 11161111
255 1115 1008 1252 1166661611661611661166

57 1268 127 1306 cere.
162 1251 237 1305 Alias
252 1251 368 1304 arrhabo
386 1253 503 1320 proprie
516 1220 559 1304 ist
571 1244 712 1320 particula
724 1201 825 1321 6696611,
843 1267 915 1320 quae
930 1253 1009 1307 velut

57 1321 87 1373 in
99 1327 274 1373 antecessum
290 1321 382 1383 datur,
396 1321 480 1372 nteit
490 1322 573 1387 quasi
586 1322 686 1390 pignus
699 1320 857 1389 emptionis.
881 1321 1008 1375 Mostell.

1 1384 107 1440 166111.
126 1391 149 1440 l.
169 1389 227 1440 166.
247 1387 299 1456 [rs.
315 1387 386 1456 116]
411 1388 616 1454 condixisse,
635 1389 720 1441 aedes
735 1403 797 1440 esse
817 1396 926 1455 emptas
943 1390 1010 1443 duo·

58 1457 112 1509 bus
129 1457 259 1520 talentis,
278 1457 421 1525 adiungit:
437 1457 486 1509 eed
500 1456 650 1510 arrhaboni
665 1457 713 1509 leae
730 1456 805 1509 dedit
820 1457 1011 1524 quodraginta

59 1525 157 1578 minas.
192 1525 285 1576 Milite
301 1526 349 1578 lv.
368 1528 392 1576 l.
410 1526 452 1576 ll.
471 1539 568 1577 servus
582 1525 667 1578 militi
685 1531 800 1592 portans
818 1525 953 1577 annulum
970 1528 1010 1579 in·

59 1594 137 1661 quit:
157 1592 230 1644 tane
247 1592 424 1645 arrhabonem
442 1592 542 1645 macris
555 1594 675 1662 primam
693 1609 710 1644 a
727 1608 768 1645 me
786 1592 890 1661 accipe.
912 1595 1010 1660 idest,

79 1663 161 1730 ignus
174 1669 204 1712 et
217 1663 405 1712 certissimum
423 1662 540 1730 signum.
556 1663 652 1715 Paeo.
665 1661 698 1715 V.
716 1662 742 1713 6.
759 1663 802 1713 22.
824 1661 1009 1717 natatoriam

58 1677 132 1783 iane
154 1744 206 1796 pro
233 1728 308 1781 mina
331 1731 529 1851 aeecamussero.
560 1728 626 1794 666,
649 1729 756 1810 inquit,
783 1744 835 1783 seu
851 1727 921 1784 hanc
940 1748 1010 1797 rem,

55 1813 143 1865 quam
168 1803 251 1850 teneo
275 1812 374 1864 manu,
405 1813 423 1850 a
455 1813 519 1864 ero,
549 1802 692 1866 tamquam
715 1813 816 1867 pignus
842 1813 894 1867 pro
923 1801 1010 1866 mina.

60 1882 143 1934 quam
163 1864 234 1917 mihi
249 1865 344 1919 debes.
764 1894 767 1899 ·
851 1880 866 1911 ’-

360 2006 427 2049 acr.
448 1986 498 2048 lv.
540 2004 582 2049 sc.
607 1990 633 2047 l.
655 1987 711 2067 [2.]

126 2087 176 2140 vs.
200 2077 225 2138 s.
268 2070 388 2135 Latere
408 2083 494 2134 tecto
517 2068 690 2133 abscedere
713 2091 756 2138 est
775 2085 920 2145 discedere
937 2090 1010 2143 ints.

60 2171 142 2224 gram
165 2156 224 2207 sine
241 2154 329 2217 ¹clade
352 2162 401 2208 aut
423 2153 556 2216 vulnere,
584 2152 730 2206 retrahere
752 2168 782 2206 se
795 2155 852 2208 nel
874 2159 1011 2210 recedere

60 2224 97 2275 ab
118 2225 232 2292 negotio
255 2225 316 2275 sine
340 2223 440 2275 damno
463 2227 512 2274 aut
529 2221 646 2289 pudore.
681 2222 843 2275 Translatio
861 2217 1011 2295 desumpta

61 2299 105 2343 est
123 2307 139 2343 a
157 2306 188 2342 re
205 2291 339 2356 militari,
363 2293 414 2344 661
435 2290 524 2342 lateri
539 2295 607 2341 tecto
631 2289 764 2343 dicuntur
784 2292 930 2356 discedere,
961 2296 1010 2362 qui

60 2374 96 2411 ex
113 2360 176 2412 loco
192 2360 357 2411 insidiarum
372 2367 421 2412 aut
438 2355 581 2409 hostilium
599 2359 744 2425 copiarum
762 2361 843 2428 plena
861 2361 1010 2415 discedunt

59 2428 147 2479 scutis
165 2429 235 2479 satis
253 2428 367 2493 muniti,
393 2433 425 2478 ut
442 2424 536 2489 hostes
554 2427 672 2495 aggredi
690 2443 744 2479 666
761 2431 883 2499 possint3
909 2437 1011 2484 666666

60 2497 148 2547 166666
163 2504 271 2563 aperto,
290 2512 352 2549 cum
371 2510 424 2546 666
439 2498 503 2545 6666
521 2494 590 2545 satis
603 2496 703 2545 inuniti
721 2501 750 2546 et
766 2497 869 2557 ictibus
886 2496 1011 2551 telarum

59 2565 191 2630 expositi.
229 2567 308 2617 Caes.
333 2564 367 2615 de
391 2561 458 2613 bell.
485 2559 557 2612 Gall.
581 2561 665 2615 lib.l.
691 2578 752 2643 cap.
766 2565 808 2614 26.
843 2564 889 2616 Ea
910 2563 1012 2621 itinere

58 2640 164 2683 6666666
183 2633 269 2685 latere
287 2636 380 2700 aperto
399 2628 539 2697 aggressi,
564 2629 761 2699 circumvasere
778 2639 931 2698 coeperant.
960 2635 1010 2688 lib.

57 2699 94 2750 ll.
113 2716 174 2766 cap.
188 2701 229 2752 23.
258 2699 378 2763 Qeeoram
391 2713 460 2766 pars
472 2707 568 2764 operta
580 2700 667 2752 latere
679 2697 800 2767 legiones
814 2699 1011 2756 circumvenire

59 2768 156 2836 coepit.
183 2767 232 2819 lib.
247 2768 305 2821 Vll.
324 2783 383 2834 cap.
398 2768 440 2818 82.
474 2765 575 2831 Veritr',
588 2785 629 2821 ne
647 2767 678 2819 66
698 2768 784 2819 latere
801 2783 818 2817 a
838 2776 895 2821 erto
914 2784 949 2820 er
966 2788 1010 2823 sa·

55 2835 212 2903 periorilas
229 2833 326 2887 castris
343 2835 486 2902 eruptione
502 2834 772 2888 circumvenirentur.
829 2838 863 2888 ed
881 2844 910 2888 et
927 2836 1012 2905 alias,'

58 2904 125 2969 quia
141 2906 170 2956 in
187 2902 287 2973 pugnis
325 2902 485 2954 ladiatoriis
503 2903 576 2956 alter
594 2903 710 2955 alterius
725 2902 799 2955 latus
815 2912 912 2971 petere
926 2908 1008 2960 solet.

57 2970 133 3024 Hine
149 2971 265 3039 phrases
285 2918 368 3021 ilices
388 2979 482 3039 petere
501 2974 574 3023 latas
591 2971 728 3033 alienius,
743 2978 835 3039 petere
854 2973 941 3026 aliam
957 2992 1011 3043 per

58 3040 175 3092 allerias
193 3041 280 3100 teras,
303 3036 447 3107 offendisse
465 3041 545 3091 16166.
581 3041 636 3091 Cic.
660 3056 712 3108 pro
733 3041 875 3093 61666666·
888 3059 948 3110 cap.
965 3045 1008 3097 26.

58 3105 98 3176 [ξ.
117 3106 173 3177 52]
201 3105 311 3158 Etenim
334 3107 450 3159 sciebam
470 3106 621 3160 Catilinam
644 3126 698 3160 nen
716 3108 788 3162 latas
811 3118 1009 3177 6666661666,

7 3189 40 3243 06
57 3177 105 3228 sed
115 3181 200 3256 rapat
212 3179 240 3225 et
251 3175 352 3226 collam
362 3179 449 3228 solere
458 3183 562 3244 petere.
579 3191 622 3243 pr.
636 3177 744 3228 cluent.
758 3194 817 3245 cap.
828 3179 869 3229 62.
883 3178 923 3246 [ξ.
937 3180 1009 3249 liin]

59 3243 193 3297 discidisse
212 3257 247 3293 ca
266 3258 334 3310 eqao
355 3244 458 3297 dicitnr
482 3251 510 3297 et
533 3243 609 3297 leoreeo
630 3246 743 3315 infirma
760 3246 915 3299 valetudine
937 3249 1010 3301 latas

57 3310 200 3381 offendisse
216 3310 384 3365 vehementer
402 3320 431 3364 et
442 3312 540 3380 paucis
559 3313 720 3368 6166666666
737 3320 866 3368 66661666.

123 3395 172 3446 vs.
191 3396 215 3446 6.
250 3381 384 3463 Eripere
400 3380 495 3444 alicui
511 3385 665 3467 grandem
679 3382 789 3446 bolum
805 3404 849 3446 ex
864 3383 1010 3448 faucibus

57 3468 99 3515 est
116 3462 386 3532 magnanimorum,
411 3480 542 3535 magnum
560 3470 746 3519 courmodum.
782 3468 944 3520 'l'raaslalio
963 3469 1011 3520 de-

56 3538 168 3598 sumpta
185 3548 203 3582 a
220 3533 392 3599 piscantibus
411 3535 479 3597 6661,
504 3536 578 3602 qirod
596 3537 754 3604 appellatur
773 3538 902 3589 iaculata.
938 3536 1015 3590 Nam·

58 3599 134 3652 latas
146 3602 261 3670 proprie
273 3600 348 3655 idem
361 3603 436 3672 quod
450 3602 546 3659 inatres.
564 3604 797 3661 laantn‘ersdv.
809 3609 833 3659 1.
847 3608 904 3659 tat.
920 3602 1018 3659 Dedit·
