2304 4080
211 255 254 318 m
276 253 450 340 runcum
472 250 638 343 unorn-
656 254 793 335 ιιι-ιιι.
815 272 867 333 sc.
886 262 915 319 ι.
1000 258 1043 335 ει,

399 441 497 489 ¹scr:
513 425 574 485 111..
609 427 705 495 ccci.
730 458 733 463 ·

82 548 85 553 ·
152 538 202 594 Vs.
221 541 264 592 21.
299 523 463 611 Rumpere
476 521 617 609 aliquem·
629 519 835 588 ambulando.
852 513 1042 595 'stamnum

78 604 212 674 tinxit.
230 623 274 678 ep.
286 609 328 662 11.
346 608 399 678 [rs.
415 607 469 674 12]
484 607 535 659 ubi
547 613 644 660 monet
655 607 797 674 Priscum,
813 608 858 661 uti
870 608 983 679 parcius
998 608 1042 677 iun-¹

80 676 158 729 citet
175 690 291 743 equum,
310 692 365 744 quo
382 677 412 729 in
428 675 557 728 venando
574 675 724 728 utebatur:
1004 682 1024 715 ἰ

121 743 200 809 Quill
214 752 240 799 te
250 744 340 815 frena
356 743 457 803 iacent
471 743 637 797 temerario?
671 741 787 813 Saepius
803 742 863 797 illis

192 812 285 866 Prisce
303 812 396 865 clatum
413 819 454 865 est
470 812 589 881 equitem
607 826 667 863 ram
688 825 733 863 ere
751 827 835 882 qoam
853 813 980 883 leporini.

81 881 135 937 sic
152 882 227 949 apud
246 879 364 932 eundem
382 888 466 948 rapta
482 883 559 934 mula
576 879 625 933 lib.
639 880 651 932 Ι
681 916 688 931 .
708 894 750 947 ep.
764 881 806 935 18.
826 879 879 952 [rs.
892 880 932 952 1.]

122 1006 128 1013 ,
257 947 319 1000 Non
337 957 435 1017 raptae
452 949 572 1002 recutita
588 949 664 1001 colla
680 950 779 1001 malae.
966 954 969 959 '
1035 989 1042 1015 ,

81 1016 280 1072 Lrn.·xxvu.
300 1017 326 1083 ι.
340 1019 381 1070 rr.
393 1016 424 1069 ff.
443 1017 479 1069 au
496 1018 588 1087 regem
601 1014 757 1085 Aquiliam:
776 1015 892 1086 nepem
909 1030 971 1072 een
987 1008 1043 1073 itt

84 1103 142 1156 que
160 1084 344 1154 accipiemus,
367 1085 419 1155 qni
439 1083 640 1150 vulneraverit,
663 1086 709 1137 nel
729 1083 818 1152 uirgis
840 1088 885 1140 nel
908 1086 977 1140 loric
997 1088 1043 1143 rel

82 1153 190 1224 pugnis
214 1152 357 1217 ceciderit,
378 1155 424 1206 ael
446 1156 518 1220 telo,
542 1161 575 1206 ct
596 1152 734 1208 scinderet
754 1151 844 1205 alieni
860 1170 907 1207 cor
927 1171 983 1223 as,
998 1156 1046 1221 rel

85 1231 222 1274 tamarem
256 1221 347 1275 eccrit.
376 1219 429 1274 hoc
450 1223 530 1294 ideo,
553 1221 620 1290 quia
635 1222 665 1273 in
681 1221 745 1289 ipsa
760 1219 824 1290 lege
836 1171 950 1291 Aquiiia
965 1224 1042 1277 ructo.¹
1060 1217 1112 1272 161

84 1293 130 1344 tio
149 1297 211 1342 erat
240 1298 304 1343 aeta
322 1291 462 1358 ruptionis
479 1288 533 1342 hoc
545 1289 644 1342 modo:
663 1287 822 1341 Ceterarum
835 1306 943 1356 rernm,
980 1310 1042 1346 rae·

86 1368 133 1412 ter
144 1357 277 1411 hominem
292 1366 319 1410 et
331 1359 463 1427 pecodem
475 1357 591 1422 occisor,
608 1357 634 1409 si
646 1356 708 1424 quis
720 1357 805 1409 alteri
816 1309 1043 1430 camnornicett,

86 1427 165 1496 qrcosl
175 1427 288 1490 usserit,
299 1425 441 1500 fregerit,
457 1425 579 1493 reperit,
595 1423 712 1477 iniuria.
741 1424 805 1477 Lir.
817 1424 866 1478 lib.
874 1427 965 1481 xxti.
980 1432 1043 1499 eno:

87 1499 132 1550 1⁰.
160 1495 192 1548 Si
209 1496 273 1564 cair
288 1502 400 1564 rumpet,
413 1493 547 1548 occidetue
563 1493 695 1556 insciens,
711 1509 745 1545 ne
756 1492 926 1565 fruticeto.
950 1497 1042 1566 loqui·
1102 1498 1109 1543 1

84 1570 248 1619 torentem
273 1564 307 1617 de
324 1563 493 1617 animalibus
511 1563 621 1615 devotis
643 1576 711 1613 vere
729 1577 820 1615 sacro.
855 1563 903 1616 Sic
920 1562 950 1617 et
966 1566 1044 1634 opud

84 1632 191 1687 Horat.
212 1631 311 1699 Saty-m
326 1632 362 1686 11.
389 1648 431 1689 rs.
448 1633 506 1683 118.
532 1628 595 1699 [lib.
608 1629 643 1700 l.]
667 1629 762 1698 rumpi
783 1629 939 1700 tentigine,·
965 1634 1043 1703 quod
1112 1670 1117 1689 .

84 1701 255 1770 posterioris
273 1702 337 1752 oevi
353 1700 508 1768 scriptores
527 1700 660 1751 dixerunt
677 1714 808 1779 crepare:

88 1808 91 1813 -
120 1767 249 1830 Ancilla,
266 1776 317 1821 aut
331 1784 417 1823 cerna
435 1775 475 1819 eet
487 1773 599 1835 praesto
612 1782 699 1835 peter,
717 1775 833 1836 impetat
849 1767 879 1822 ia
897 1785 980 1839 quem

122 1835 258 1891 Continuo
269 1837 343 1907 scat,
360 1836 441 1891 malit
458 1835 593 1904 tentigine
610 1834 709 1903 rampi.

155 1921 204 1975 Vs.
221 1915 264 1973 33.
305 1905 447 1983 Facere,
474 1907 521 1967 ita
550 1917 673 1982 tanuen,
700 1916 736 1967 ut
762 1906 912 1988 pietatem
942 1905 1044 1988 colse,

83 1988 142 2042 hoc
160 1996 217 2054 est,
235 1990 277 2041 its
293 1996 326 2041 ut
343 1989 422 2041 nulia
433 2003 466 2040 re
477 1987 565 2041 facies
583 1994 682 2040 contra
697 1987 789 2058 legem
808 1995 838 2041 et
854 1988 897 2042 fus
915 1991 1044 2059 pietatiet

83 2055 203 2111 Phrusis
221 2058 319 2111 eadem
335 2058 412 2125 ,apuu
425 2057 518 2109 Plaut.
536 2056 611 2109 Asin.
625 2057 674 2108 111.
693 2059 718 2109 1.
736 2058 761 2110 6.
787 2055 910 2112 Haecine
929 2067 970 2112 est
980 2059 1043 2128 pie·

85 2133 176 2178 tatem
192 2127 294 2188 colere,
310 2127 407 2178 mctrir
419 2124 565 2192 imperium
576 2124 708 2177 minuere.
743 2126 801 2178 Cic.
816 2127 851 2179 de
865 2125 913 2179 off.
931 2127 981 2195 lib.
990 2128 1044 2185 111.

84 2208 150 2262 cap.
164 2195 206 2249 21.
224 2193 253 2243 in
270 2195 398 2247 versibus
416 2193 561 2262 Euripidis
578 2209 596 2246 a
615 2207 645 2245 se
663 2193 825 2247 translatis:

227 2259 299 2313 Nam
315 2261 340 2312 si
354 2263 514 2316 uiolandam
531 2269 572 2314 eet
586 2260 642 2324 ias,
660 2262 797 2329 regnandi
810 2263 910 2331 gratia

232 2329 396 2383 Violonslnrn
413 2337 467 2383 est:
485 2329 550 2397 aliis
567 2330 645 2383 rebar
657 2329 788 2400 pietatem
805 2334 889 2384 colas.

85 2397 118 2451 td
137 2404 198 2460 est,
223 2412 306 2451 cures
323 2412 357 2449 ne
375 2399 442 2467 quid
464 2397 554 2452 facies
575 2400 667 2456 miuus
694 2399 780 2467 pium.
816 2398 916 2469 [Nulla
932 2399 979 2456 hio
998 2405 1044 2457 en

86 2467 236 2523 adnotatio
253 2464 363 2521 Ruunt.
393 2465 470 2537 Ful·
675 2486 679 2497 ·
1025 2520 1027 2524 ,

427 2604 496 2664 scr.
517 2605 571 2664 111.
613 2623 656 2664 sc.
680 2606 708 2665 5.

93 2714 94 2719 ’
154 2720 203 2776 Vs.
222 2722 264 2774 l'l.
300 2699 379 2767 Noli
393 2701 520 2783 fodere,
538 2719 591 2774 hoe
604 2728 657 2786 est,
676 2721 828 2775 admonere
840 2737 887 2776 me
898 2722 1041 2781 tundendo

87 2791 180 2860 digito
203 2788 250 2841 vel
274 2789 379 2841 cubito.
415 2787 462 2843 Sic
483 2790 558 2859 apud
574 2790 677 2843 Horat.
706 2805 749 2860 ep.
775 2791 824 2844 lib.
837 2791 859 2843 1.
883 2795 981 2846 reim
1005 2792 1043 2848 etl

85 2858 248 2913 Numicium
270 2855 326 2925 [ep.
339 2855 377 2925 o]
892 2867 894 2872 ’

160 2924 316 2977 Mercemar
333 2941 452 2991 serram,
472 2923 523 2994 qai
539 2925 624 2978 dictet
638 2925 764 2989 nomina,
783 2928 890 2980 laeuam
1061 2930 1113 2986 161

158 2993 217 3115 gai
227 2993 325 3075 [odiat
343 2995 432 3058 lator,
449 3003 478 3047 et
496 2998 671 3063 togatumne
684 2996 810 3064 pondera
827 2996 953 3049 dextram

185 3077 320 3130 arrigere.

86 3131 231 3200 intelligit
245 3129 499 3197 nomenclatorem,
518 3132 567 3201 qui
584 3123 737 3185 admoneat
756 3131 899 3184 dominum
918 3132 952 3185 de
970 3131 1045 3193 sclu-¹

87 3200 183 3253 tundis
212 3196 372 3251 hominibus
402 3200 537 3268 gratiosis
569 3201 732 3255 ambitionis
758 3216 843 3254 causa
871 3207 900 3253 et
927 3201 1045 3257 illorum

86 3269 203 3321 nomina
221 3268 362 3332 subiiciat.
430 3276 432 3280 ’

106 3417 109 3421 ¹
156 3351 206 3405 vs.
225 3352 266 3404 19.
307 3335 352 3399 At
372 3336 451 3398 istos
477 3334 604 3399 invidos
626 3335 681 3400 Dii
702 3338 848 3422 perdant.
891 3352 1047 3436 Eleganter

88 3425 203 3476 veteres
221 3418 302 3481 initio
321 3418 459 3473 orationis
480 3416 551 3472 hanc
567 3421 737 3488 particulam
754 3430 786 3475 at
800 3428 922 3490 ponunt:
947 3424 1046 3492 impri-

91 3491 146 3551 mis
164 3503 227 3541 cum
247 3486 421 3608 ex'nhruzto
439 3488 592 3557 incipiunt,
616 3497 666 3541 eut
683 3490 793 3560 tingunt
812 3506 947 3559 personas
970 3507 1046 3549 come

90 3557 197 3624 mutius
218 3555 254 3607 ob
279 3562 377 3623 portur
397 3557 522 3609 ationem
546 3557 685 3627 quandum
707 3559 863 3630 loquentes.
903 3558 950 3615 Sic
971 3558 1046 3630 opud

90 3626 171 3694 virg.
190 3627 257 3680 Aen:
270 3620 324 3675 tin.
337 3623 373 3677 11.
391 3622 881 3705 ι1.131.”
1035 3660 1039 3675 .
