2304 4080
131 232 153 291 a
281 270 285 279 .
331 224 495 327 ..ιαμ
513 197 871 345 coequaretur
906 242 939 275 v

133 395 169 450 tir'
184 392 284 450 itidem
296 395 419 450 sumitur
430 396 483 466 pro'
494 395 610 452 lartum
627 394 689 452 ulra
694 392 849 461 l'ellcltale.
881 396 919 451 ln-
931 389 1040 467 liecyr.
1051 398 1089 454 V.

79 480 80 485 ’
132 469 159 519 4.
176 468 202 518 8.
239 464 309 530 Quis
325 480 371 519 rae-
384 473 424 519 rrt
434 466 625 534 fortunatior,
654 466 804 520 oenottatis
823 483 858 519 ae
878 467 945 518 celeo
959 466 1092 535 pleniori

132 534 218 586 Ratio
235 532 305 586 baec
321 534 456 603 loquendi
471 535 538 588 inde
556 543 600 588 est
616 536 723 604 petita,
743 484 822 605 quod
835 536 864 587 in
881 534 945 587 lnsu
962 536 1090 588 talorum

133 601 314 655 felicissimus
336 603 442 669 iactus,
466 618 527 723 ¹quo
550 605 614 672 qula
640 605 749 670 omnin,
782 616 854 673 queo
876 604 971 672 posita
995 611 1089 669 erant,

132 670 265 735 tollebat,
295 671 450 723 dicebatur·
493 672 563 724 atini
613 670 715 737 Venas,
739 672 789 724 'uti
807 672 924 725 Graecis
938 672 1089 741 Ἀφροδί-τη.

134 737 265 807 Propera
284 739 333 790 lib.
349 740 396 794 lv.
416 740 488 808 eleg.
502 740 551 791 lx.
587 741 613 792 s.
631 743 673 794 20.
924 750 927 755 '

219 805 267 858 Me
285 822 394 875 qaoque
407 824 460 876 per
478 810 549 860 talos
574 808 703 861 Venerem
721 798 872 877 qaaerlnte
887 808 1017 862 emas

220 876 332 943 Semper
349 875 471 928 damnaei
483 875 639 929 eabeilaere
655 892 755 930 canes..
862 880 867 886 '

132 941 242 1011 Nempe
260 944 326 1010 quie
344 944 420 997 cana
436 946 528 997 iactus
551 951 615 997 erat
636 945 848 1003 infelicissimus
871 945 1019 1000 omniurn„
1040 943 1090 1001 Sia

134 1019 163 1068 et
179 1002 317 1067 Horatius
337 1013 428 1065 Cum.
446 1013 496 1065 lib.
512 1013 547 1065 ll.
567 1013 619 1066 od.
632 1014 695 1067 Vll.
713 1014 756 1066 25.
902 1036 905 1041 ·
1083 1024 1088 1032 “

510 1079 598 1145 Quem
622 1081 712 1136 Venae
728 1081 865 1135 arbitram

223 1190 226 1201 .
408 1147 494 1205 Dicet
509 1149 623 1203 bibendi.
1130 1206 1132 1215 ,

134 1215 209 1279 Quia
224 1215 360 1269 videlicet
381 1217 460 1271 iactu
478 1218 602 1271 talorum
627 1218 770 1289 eligebant
791 1219 820 1270 in
839 1217 972 1272 convicio
995 1215 1089 1281 illurn,

134 1299 216 1350 quern
234 1285 304 1341 dicit
320 1285 435 1337 bibendi
453 1286 592 1341 arbitrum
614 1303 664 1339 seu
687 1289 854 1356 magistrum
878 1286 1009 1338 convivii.
1041 1284 1090 1339 Sia

133 1351 238 1404 Lucius
257 1352 352 1420 Sylla,
380 1355 430 1422 qui
452 1354 564 1407 Latinis
586 1355 733 1409 dicebatur
752 1355 846 1428 felix,
877 1353 994 1408 Graecis
1012 1353 1092 1410 idem

134 1420 301 1493 vocabulum
319 1421 503 1476 reddentibus
521 1423 681 1492 appellatus
698 1420 882 1494 ἐπαφρόδιτος.

338 1562 341 1574 “
447 1640 450 1645 4
479 1544 549 1627 aar.
570 1561 608 1621 ll.
627 1624 630 1629 ,
652 1564 746 1646 sall.
776 1608 789 1623 ..

198 1674 308 1742 Veii.
344 1673 486 1740 Prodere
513 1674 598 1747 diem
622 1674 722 1739 sli‘cul
747 1678 814 1755 rei,
835 1692 930 1763 ·v.·g.
957 1668 1092 1759 nuptiisq'

133 1761 178 1808 est
194 1757 317 1826 aliquam
334 1774 394 1810 rein
407 1759 436 1809 in
449 1759 611 1829 longlorem
630 1760 708 1825 diem<
720 1760 766 1811 vel
781 1760 893 1840 longius
909 1767 1019 1828 tempus
1034 1758 1089 1811 dir-

131 1823 216 1877 lerre.
229 1827 393 1894 ¹Pompeius
406 1826 507 1880 Festus
521 1826 555 1879 do
568 1826 647 1880 verb.
660 1824 754 1897 s'ignil.
767 1828 809 1878 52.
824 1828 872 1878 lrb.
885 1826 960 1880 XVl.
988 1827 1088 1878 Prodi·

133 1893 202 1945 disse
218 1911 272 1946 non
289 1892 376 1947 salucra
392 1893 422 1947 in
440 1894 499 1948 illie
518 1895 635 1961 dicitur,
655 1896 706 1964 'qai
721 1895 843 1963 patriam
861 1895 978 1946 leostilas
992 1894 1088 1962 prorii-

83 1970 114 2021 11
134 1962 245 2026 derant,
267 1963 315 2014 sed
327 1963 409 2015 etiam
422 1972 527 2033 tempor
540 1965 652 2045 longine
658 1963 769 2085 facita.
811 1964 848 2016 Ut
862 1962 945 2015 Cato:
973 1963 1011 2016 Te
1025 1963 1091 2016 Caii

135 2030 253 2083 Caecilii
267 2032 335 2083 diem
368 2031 497 2085 rodidiae
509 2033 644 2085 militabas
670 2030 776 2101 egionis
789 2030 902 2096 tertiae,
922 2048 981 2085 cam
991 2032 1088 2099 prodi·

134 2099 233 2152 tionem
245 2118 299 2152 non
312 2048 430 2152 doleres.
466 2101 580 2154 Dicitur
594 2107 687 2152 autern
701 2101 925 2171 magistratus-S.
939 2102 971 2153 R.
988 2100 1089 2153 labere

153 2166 314 2220 raditionem
332 2169 400 2232 elici,
429 2166 570 2238 quomodo
589 2176 619 2220 et
639 2169 809 2220 vocationem
830 2176 859 2219 et
896 2168 1089 2232 redentionem,

129 2184 186 2288 lloc
204 2242 262 2300 est,
288 2239 451 2305 prodendae
470 2237 541 2302 diei,
566 2238 687 2289 vocandi
711 2243 740 2288 et
758 2235 863 2305 prchen
885 2238 950 2288 endi
968 2236 1087 2289 ¹alicuius

133 2303 252 2356 hominis
270 2306 323 2357 ius.
360 2305 437 2356 ldem
454 2304 585 2358 dicebant
595 2306 748 2373 producere
763 2304 841 2377 diem.
878 2306 934 2358 cie.
948 2304 985 2357 ud
1000 2305 1088 2369 Quin·

133 2378 193 2424 tuni
206 2371 324 2425 fratrem
338 2373 387 2425 lib.
402 2374 465 2425 ll.e
488 2374 529 2425 .3.
557 2372 677 2427 Honeste
693 2372 869 2438 decorantur,
883 2374 1019 2442 prodacta
1032 2373 1089 2426 dies

134 2446 175 2493 eut
189 2441 219 2493 in
237 2450 366 2510 quartam
379 2441 440 2493 idas
468 2442 522 2495 ebr.
538 2442 667 2499 eudemo
688 2442 735 2495 ist.
768 2442 880 2496 modias
892 2442 921 2494 in
935 2441 1090 2511 quirinalia

131 2510 269 2578 produxit
284 2511 355 2562 client
375 2511 411 2562 ari
427 2511 438 2561 i
457 2548 463 2561 .
476 2510 553 2584 febr.
589 2510 652 2562 Llr.
668 2459 719 2563 lib.
734 2510 893 2565 xxxvia.
917 2526 977 2578 cap.
992 2512 1033 2562 52.
1052 2510 1088 2562 de

134 2578 264 2646 Scipione
282 2577 429 2631 Africanae
449 2578 539 2643 Qaum
556 2577 688 2631 invidiam
707 2588 735 2630 et
751 2580 902 2632 certamina
920 2595 981 2631 carn
999 2578 1086 2630 trila-

133 2647 177 2698 n'ia
191 2647 372 2716 prospiceret,
393 2647 435 2699 die
454 2647 579 2716 longiore
594 2648 743 2717 producta,
762 2647 791 2700 in
806 2647 961 2699 Literniam
979 2665 1087 2701 coacer-

133 2715 186 2777 εἰη·
205 2724 278 2767 certo
297 2716 424 2778 coasilio,
450 2733 483 2768 rte
502 2716 539 2768 ael
555 2730 664 2768 caeream
683 2717 823 2768 dicendane
842 2716 951 2767 adesset.
981 2717 1087 2767 Teren·

134 2782 190 2835 tius
208 2784 283 2835 idcnr
305 2785 375 2836 dicit
392 2799 499 2836 movere
520 2784 589 2836 And.
606 2784 655 2835 lll.
674 2786 699 2835 2.
717 2784 759 2836 36.
796 2782 856 2835 Hoc
875 2783 929 2835 aiei
938 2783 991 2854 fit,
1015 2783 1089 2838 nillil

133 2861 274 2905 moveator
291 2870 327 2905 arr
350 2851 413 2904 tiae.
437 2851 463 2904 b.
484 2867 507 2903 e.
528 2850 706 2905 differuntur.
731 2859 760 2903 et
773 2866 932 2921 promovere
945 2853 991 2905 lV.
1005 2854 1030 2905 2.
1043 2855 1085 2905 28.

136 2910 199 2972 Non
215 2921 281 2972 rotis
296 2870 388 2984 balet,
407 2921 482 2989 qaod
497 2919 549 2971 tili
565 2919 699 2972 dieculam
718 2920 785 2972 addo
801 2928 933 2989 quantum
947 2920 1011 2973 lraic
1021 2936 1087 2988 pro·

133 3003 224 3040 moow
238 2989 368 3057 nerptice?
387 2990 406 3041 i.
421 3004 445 3039 e.
461 2987 555 3041 elflcio
568 2995 600 3040 ut
613 2987 791 3040 differantur.
815 2988 945 3059 Denique
954 2989 1092 3062 proferre¹

133 3055 185 3110 bac
200 3072 286 3111 scena
302 3059 344 3110 31.
378 3057 482 3111 Saltem
499 3056 611 3126 aliquot
627 3056 683 3108 dies
695 3057 805 3131 profer.

476 3212 545 3256 scr.
568 3194 606 3255 ll.
626 3244 629 3253 .
649 3213 692 3255 so.
713 3199 743 3255 2.

200 3325 249 3380 Vs.
270 3328 311 3378 ll.
347 3310 545 3376 Obtundere.
574 3326 711 3391 Verbum,
724 3344 778 3397 qno
793 3344 878 3397 saepe
892 3328 1045 3381 utebantur
1057 3330 1086 3383 in

134 3393 244 3462 vulgari
262 3410 404 3459 sermone,
423 3396 614 3466 significantes
637 3396 760 3463 aliquem
775 3399 830 3449 sibi
849 3398 998 3449 molestum
1016 3413 1087 3461 esse,

133 3463 277 3526 instando,
296 3465 436 3532 urgendo,
454 3465 701 3533 idenrrepetrndo.
738 3467 784 3518 Sic
797 3468 867 3517 Eun.
881 3467 930 3517 lll.
944 3467 969 3517 5.
980 3467 1005 3517 5.
1032 3465 1090 3529 Qui

133 3545 177 3581 nee
187 3538 334 3598 sequatur,
348 3549 463 3601 qaoquo
479 3548 552 3596 eam,
567 3532 718 3600 rogitando
731 3534 877 3597 obtundat,
895 3541 995 3587 enecet.
1009 3560 1014 3571 ·
1028 3535 1087 3585 lle·

133 3597 230 3668 eyal.
247 3600 334 3654 ΜΒ.
367 3599 520 3658 'runcato
544 3607 628 3672 atque
652 3601 715 3656 odio
739 3600 862 3672 denique
874 3601 976 3674 offecit
990 3612 1087 3659 mer·
